2778 4784
382 415 527 462 rrucrn.
573 415 711 464 suurn.
737 411 793 462 xr.
874 383 876 388 ’
1056 389 1146 462 3719

59 557 153 608 Rarirl
163 555 306 617 studueras
322 565 350 609 ct
362 559 411 608 alia
423 573 480 607 eum
492 563 574 608 suatu-
613 557 761 608 Gcrnrauici
781 557 849 608 Anu.
872 567 915 607 ru.
938 556 1145 622 ‘praecedebant

58 637 109 686 larse
129 636 299 700 intelligimus,
321 651 373 686 non
396 643 497 686 tautum
519 635 575 684 hal·
613 633 835 698 incomptasigne,
852 633 1036 684 uersilasces!
1070 637 1145 684 Albi·

58 720 128 772 teum,
146 719 175 760 nt
191 711 298 774 legimns
316 725 412 774 snpra:
441 723 501 758 usur
520 709 576 760 sola
612 711 1144 774 noran.arlLirianr,‘Quosprirnumridi

57 787 120 834 hasta
130 793 157 836 et
174 788 247 852 galea
257 785 402 838 ostenditur
412 786 574 836 remansisse.
613 785 704 848 fasces,
714 787 741 836 in
752 786 843 836 funere
856 787 917 848 ridi,
935 789 970 836 Et
980 786 1033 836 ridi
1045 801 1144 850 versos,

57 859 149 910 oerum
612 863 876 929 iudiciumquemsli!
903 861 1144 928 Adhucapudnos·

81 941 111 985 οἳ
129 937 247 1006 Platone]
273 939 375 1003 Lingua
392 938 576 1002 Macedonum,
613 947 667 989 tros
686 941 793 991 inolevit
810 941 866 991 haec
887 939 1054 1002 consuetudo,
1071 948 1100 990 ut
1117 942 1144 990 in

57 1007 117 1074 legia.
148 1013 222 1064 Quod
235 1019 323 1064 autem
342 1013 378 1063 ait
390 1020 481 1076 modo,
498 1013 576 1062 Arca·
612 1017 685 1066 obitu
696 1017 779 1080 discis,
796 1017 925 1068 exercitos
935 1024 962 1066 et
974 1017 1067 1066 milites
1085 1031 1145 1067 rex·

56 1091 94 1138 das
103 1091 273 1154 intelligimus.
303 1091 378 1141 Unde
391 1089 482 1154 infert,
494 1091 575 1139 ‘'l'eu·
612 1093 662 1145 illis
672 1095 776 1144 humum
788 1101 903 1158 verrent,
919 1100 946 1144 et
962 1094 1071 1144 inversis
1087 1109 1146 1143 cus-

56 1165 133 1230 crique
154 1175 307 1231 sequuntur,
327 1167 508 1231 Tyrrhenique
529 1165 575 1215 du·
613 1169 716 1234 pidibus
730 1172 812 1221 hastae
830 1171 986 1222 inclinentur
999 1171 1144 1220 trahantur.

55 1242 107 1291 cea’
139 1243 172 1293 Et
182 1244 230 1293 hoc
242 1250 283 1293 est
296 1243 365 1308 quod
377 1243 414 1292 ait
425 1257 514 1306 supra,
530 1243 575 1292 ‘et
613 1260 672 1310 quc.
708 1248 794 1296 Cerdo.

57 1321 102 1383 toto
112 1319 188 1368 lectos
199 1334 231 1368 ex
244 1320 347 1384 agmine
360 1319 441 1368 mittit
452 1319 526 1368 Mille
538 1319 575 1367 vi·
643 1326 675 1372 os
694 1322 823 1384 Comitum]
852 1323 944 1372 Potest
964 1337 1011 1386 pro
1032 1323 1143 1372 comitas-

55 1393 104 1440 rus.'
135 1393 236 1443 Sorrina
611 1401 672 1447 tium
687 1398 779 1462 accipi.
813 1398 916 1448 amin.
984 1395 986 1400 ’

81 1473 108 1518 tt
132 1471 210 1520 Vereis
230 1471 337 1521 Arcades
357 1470 443 1534 ormo]
474 1470 575 1534 Lugcn-
646 1475 763 1524 Comitum
772 1475 994 1538 prmouerntmdo]
1016 1475 1090 1525 Rom.
1103 1489 1145 1526 co

56 1544 109 1592 tium
134 1562 211 1608 ruore,
239 1563 392 1597 mucronem
413 1547 502 1610 hester,
523 1561 574 1595 uon
612 1549 672 1614 dex,
683 1556 710 1600 et
722 1549 866 1612 Oblongos,
881 1558 909 1598 et
924 1564 1013 1601 omnes
1031 1549 1143 1614 denique

55 1619 179 1682 cuspidem,
201 1630 294 1672 contra
308 1669 309 1672 ,
323 1621 420 1672 ter'raur
447 1629 573 1672 tenentes.
612 1627 777 1692 antiquiores,
790 1630 942 1690 mmssrmot
963 1626 1064 1690 legunt,
1077 1626 1144 1676 utin

56 1697 165 1747 Quoniam
187 1699 287 1764 antiqui
306 1701 388 1749 nostri
410 1699 495 1748 omnis
514 1713 574 1747 cou-
612 1704 774 1767 antiquarum
787 1703 884 1766 aliquot
895 1702 1091 1765 impresslonunr
1103 1715 1145 1750 co·

58 1771 123 1821 traria
148 1773 171 1824 iu
199 1774 291 1825 funere
318 1773 472 1825 faciebant:
501 1779 574 1822 scats
611 1777 874 1827 dicibuslrsbebatur.
909 1777 961 1830 Qui
979 1776 1057 1826 funrrs
1075 1777 1144 1826 enim

56 1848 121 1898 etism
131 1851 287 1902 invertentes
303 1859 413 1915 propter
429 1850 534 1899 numine
545 1849 572 1897 il·
609 1853 719 1916 ducont,
744 1855 875 1917 precedere
902 1853 995 1911 solent,
1022 1853 1144 1917 subseqru

56 1921 83 1971 lic
100 1925 205 1990 depicta,
221 1941 254 1977 ne
266 1941 356 1976 eorum
368 1927 521 1976 simulachra
532 1939 573 1974 ca·
612 1943 683 1990 vero,
694 1929 736 1994 qui
748 1930 848 1992 lugent.
881 1927 933 1978 Sed
942 1930 1068 1992 procedas
1079 1927 1104 1976 lo
1115 1928 1147 1977 si·

58 1997 141 2050 dareris
154 1993 342 2066 'polluerentur
364 2008 480 2066 aspectu,
507 2001 573 2051 sicut
611 2005 713 2054 milibus
725 2005 862 2054 sdrnodurn
874 2004 996 2054 usitatum
1008 2011 1057 2054 est.
1082 2003 1143 2052 Ter.

57 2076 158 2128 hahuisse
169 2080 290 2130 Arcades
303 2079 467 2130 Bacchilides
488 2079 514 2128 in
534 2078 573 2128 di·
611 2083 715 2132 ‘Funus
731 2083 835 2133 interim
852 2081 980 2147 procedit,
996 2079 1143 2146 sequimur!

56 2151 177 2215 thyrambis
186 2157 251 2208 dicit
267 2173 273 2205 :
292 2165 319 2207 et
331 2157 387 2220 lanc,
398 2162 428 2206 ut
444 2155 573 2206 nonnullis
610 2157 715 2207 Pierias.

56 2226 135 2280 trustra
150 2234 250 2296 placet:
274 2247 334 2282 nam
350 2233 494 2295 lugentium
509 2246 573 2288 mos,
642 2237 673 2282 96
694 2233 844 2298 Gemitssqsoe]
864 2234 948 2284 Deest
959 2249 1019 2284 cum.
1053 2233 1126 2282 Serv.

56 2315 87 2355 est
103 2311 188 2372 prioris
206 2309 315 2360 lrabitns
332 2309 485 2360 immutatio.
519 2308 573 2358 Alii
642 2313 675 2357 96
690 2311 824 2358 Alinsltiae
835 2313 866 2358 od
876 2311 995 2374 lacrimas]
1016 2310 1055 2359 Ad
1068 2310 1143 2359 aliam

56 2386 114 2432 tersis
124 2387 192 2436 orsus
202 2387 227 2436 iu
239 2385 377 2452 obliquum
394 2387 472 2436 versis
484 2385 573 2446 scutis,
610 2383 778 2446 sepulturam,
794 2385 821 2433 id
837 2391 887 2447 est,
902 2386 935 2435 ad
954 2394 1054 2436 ceteros
1070 2399 1144 2449 sepe-

57 2471 82 2506 ne
103 2463 267 2524 splenderent
292 2461 417 2526 insignia:
440 2475 508 2510 arnse
531 2475 574 2509 nu·
611 2457 720 2522 nendos,
748 2459 791 2523 qul
813 2461 905 2509 eodem
930 2461 1020 2524 praello
1042 2461 1144 2510 cecide·

59 2541 100 2585 ten
118 2545 186 2589 scuta
211 2540 268 2590 dici
297 2539 352 2603 ipse
380 2537 506 2598 declarat,
534 2541 574 2596 nt,
611 2541 681 2585 runt.
716 2535 790 2586 Ideru.

57 2611 396 2667 ‘murumsnciiexaninrem
412 2625 491 2676 super
505 2623 575 2659 armo
643 2615 675 2660 tt
698 2609 768 2659 Solae
796 2616 910 2660 mensam
939 2611 1008 2676 midi,
1036 2627 1144 2678 mma

58 2685 180 2753 screbaut3'
202 2692 247 2742 sed
269 2698 357 2755 potest
378 2689 425 2739 hoc
445 2688 486 2738 de¹
498 2687 575 2736 ortuis
612 2686 943 2750 Pollo,AEteraumqaeeole]
968 2689 1053 2738 varro
1070 2688 1096 2736 in
1116 2687 1145 2736 li-

58 2765 124 2813 versis
133 2781 180 2816 uon
192 2769 224 2816 ad
242 2767 361 2816 Arcadas
373 2764 462 2825 solum,
479 2761 525 2812 sed
542 2760 575 2810 sd
612 2761 665 2812 bris
678 2763 845 2827 logistoricis
856 2764 930 2828 dicit,
941 2767 948 2793 ‘
959 2765 1024 2815 Ideo
1035 2765 1144 2816 mortuis

59 2851 129 2890 onnes
150 2846 302 2906 pertinere:
335 2857 368 2892 an
395 2839 470 2890 uersis
494 2838 576 2900 omn,
611 2841 688 2891 serre
707 2847 736 2890 et
755 2841 820 2890 Vale
841 2841 911 2892 dici:
940 2857 990 2890 uon
1010 2843 1079 2908 qnod
1099 2849 1144 2892 ant

58 2917 121 2979 qrrod,
146 2920 303 2982 interempto
334 2917 463 2977 Pallante,
492 2913 575 2962 victos
612 2917 699 2967 ualere
719 2922 765 2966 aut
787 2917 851 2967 salvi
874 2933 931 2966 esse
958 2919 1068 2980 possint,
1097 2919 1143 2968 sed

55 2989 98 3049 jam
112 3010 136 3044 se
154 2995 268 3046 Arcades
288 2991 492 3043 arbitrabantur·
522 2988 574 3038 ΑΙίἰ
612 2993 680 3058 quod
693 2992 725 3042 ab
737 2995 775 3042 hia
793 2993 944 3054 recudimus,
958 3009 1001 3043 eoa
1019 3007 1144 3057 nusquam

60 3062 135 3117 deaut
145 3069 208 3120 huuc
220 3084 319 3120 morem
331 3067 420 3128 fuisse,
432 3071 461 3114 ut
478 3064 511 3112 de
528 3079 575 3112 suo
611 3069 709 3118 visuri!
742 3070 812 3118 Hinc
834 3075 919 3118 ortum
941 3073 990 3128 est,
1012 3075 1042 3117 ut
1064 3069 1144 3116 etism

60 3137 113 3188 duce
130 3159 255 3212 nunqnam
274 3159 338 3194 voce
359 3147 513 3206 quereretur
532 3155 575 3187 cx·
611 3145 742 3196 maledicti
770 3143 984 3212 significationem
1013 3143 1144 3194 interdum

60 3216 154 3278 imiimi
170 3235 200 3271 fle
210 3221 306 3271 seditio
318 3218 442 3284 ptultllm
459 3216 574 3278 inturge-
610 3223 661 3273 onis
671 3223 797 3286 obtineat,
808 3230 836 3273 nt
847 3221 993 3283 Terentius,
1005 3221 1143 3282 ‘Valeant¹
1212 3216 1215 3226 '

60 3299 105 3352 rst;
116 3311 198 3346 rerum
210 3311 341 3348 armorum
352 3295 467 3345 ordinem
475 3301 574 3343 mutau-
611 3299 655 3364 qui
672 3297 740 3348 iuter
758 3313 803 3347 uos
819 3298 953 3348 dissidium
968 3297 1076 3361 voluut,'
1093 3297 1142 3347 hoc

59 3371 98 3428 trs,
116 3387 156 3422 seu
206 3375 298 3438 supina
320 3379 463 3438 portarent.
506 3371 574 3434 Ergo
611 3374 1146 3440 est,itnanobisrecedant,utnunquana

60 3445 92 3491 rel
115 3449 202 3499 AEneas
225 3451 258 3500 ab
282 3447 428 3510 Arcadibus
450 3447 574 3512 arguitur,
611 3451 643 3500 od
667 3459 781 3499 nostrum
804 3457 970 3500 revertantur
998 3458 1142 3516 aspectum.

58 3523 112 3582 qood
129 3525 211 3576 Pallas
232 3543 282 3576 nou
300 3528 333 3575 sit
352 3524 515 3584 vindicatus3
532 3525 572 3572 vel
610 3529 680 3591 Ergo
699 3541 757 3574 cunr
774 3533 876 3576 mortuo
898 3527 996 3576 dicitnr
1014 3530 1075 3590 nole,
1092 3541 1143 3579 non

60 3593 171 3666 Euander,
191 3603 258 3669 quad
278 3603 338 3651 nori
360 3601 467 3666 hospitis
489 3599 574 3663 gratis
611 3602 768 3666 etymologis
800 3601 986 3652 consideranda
1018 3610 1068 3664 est,
1097 3601 1143 3650 scd

60 3671 231 3730 adolescentem
244 3689 343 3730 temere
362 3678 389 3727 in
404 3677 471 3726 bellu
490 3677 573 3740 proje-
611 3679 779 3740 consuetudo,
791 3678 858 3744 qnod
870 3679 945 3728 nullis
961 3681 1012 3728 cole
1026 3679 1143 3738 dicimus,

59 3757 125 3802 rent.
158 3759 232 3806 ldem.
611 3757 659 3806 nisi
672 3755 791 3820 aquibus
803 3754 956 3805 recedimus.
990 3755 1065 3802 Idem.

87 3825 157 3881 Verris
168 3829 365 3893 decederes-ruis]
383 3829 426 3878 lta
437 3828 536 3879 scilieet
546 3831 572 3880 iu
643 3833 713 3882 Solae
724 3837 838 3882 monum
853 3832 922 3893 milri,
939 3829 1042 3879 mosim
1059 3825 1142 3888 Pullo]

59 3907 158 3968 exequiis
177 3907 340 3958 militaribus.
375 3906 441 3956 Stat.
458 3907 476 3955 l.
490 3919 527 3955 vr.
546 3906 572 3954 lu
611 3911 687 3961 Rom.
699 3910 783 3959 codex
794 3907 941 3959 vocativum
953 3899 1143 3967 hrrncffnonrina·

59 3969 134 4030 funere
146 3981 304 4047 Archemori,
320 3983 405 4033 ‘Tuus
416 3990 516 4049 septem
528 3997 572 4030 nu·
612 3987 664 4036 tiro
675 3986 783 4036 similem
795 3985 860 4034 lacit
870 3981 957 4031 Pullos.
979 3975 1143 4026 sequanina

60 4061 117 4103 nero
128 4064 221 4108 turmas
232 4061 369 4126 (centenus
380 4061 475 4126 ubique
486 4061 573 4124 Surgit
610 4063 635 4111 in
653 4077 681 4110 os
698 4061 851 4121 desinentis,
868 4069 934 4120 quit,
954 4051 1069 4116 εθῦίῑῑνθ
1086 4063 1142 4102 ⁶¹0·

60 4131 134 4198 ιψει)
148 4137 227 4186 versis
244 4137 343 4188 ducrrut
360 4136 504 4202 insignibus
521 4135 572 4200 ipsi
610 4148 709 4202 scente,
727 4141 818 4202 perat
837 4129 1142 4197 pronuntiaueruntque

58 4197 194 4274 u'tituenus
210 4215 301 4280 reges!
335 4213 422 4266 Tacit.
436 4215 464 4266 ln
481 4211 572 4265 iuuere
609 4215 750 4280 syneresin
772 4211 915 4278 patiuntur,
939 4203 1085 4256 rocatlrnm
1105 4203 1143 4256 t'a·
