2778 4784
241 325 328 394 &38⁰
591 329 698 388 nora
722 335 924 388 vaurouuu
947 295 1005 386 ιιι

242 489 368 550 Neptuno
389 491 468 536 eunte
488 484 521 534 sd
541 483 637 534 bellum
658 484 690 535 ll.
707 489 771 534 xtra.
809 483 865 532 lidio
877 481 1000 532 wemno
1013 479 1105 532 rindlir.
1137 477 1325 546 Deprodiqlors

244 562 348 626 lipsind
361 561 417 610 ποσὶ
427 559 557 625 sponsum
578 561 640 611 ibid.
660 561 693 610 de
709 561 774 610 Dei·
810 560 956 610 mortalium
972 559 1033 609 olim
1050 555 1225 622 magnitudine
1238 573 1280 608 nos
1291 559 1326 607 si·

243 639 338 704 pbobo,
354 639 430 702 κοῦρο
450 638 507 687 roci
528 636 657 701 omnen:
676 636 772 686 ibidem
810 633 878 696 cubi,
889 641 916 684 et
928 639 956 683 tu
967 633 1026 683 ride
1037 633 1153 698 Magium
1164 639 1218 693 qt.
1230 633 1328 684 Miscell.

242 711 771 778 iuducltOtbryoueumiqsflstidrro:ibid.
813 711 899 760 Cerdo.

244 791 344 842 Hector
362 789 518 855 προποδίζων,
537 797 569 858 οι,
583 791 725 854 προβιβῶντι
745 793 773 836 et
844 794 892 840 ldd
910 791 970 840 Coss
983 791 1053 854 pedes
1064 788 1166 851 incedit]
1189 786 1258 837 Hinc
1270 801 1329 836 suem

243 866 524 934 Αριιιρωφιὶβιβάζινν.
557 867 655 917 Plenus
666 865 773 914 Homer.
812 867 914 916 Musam
931 868 1034 916 cruerit
1052 865 1144 916 Claud.
1163 863 1245 928 Rupt.
1262 865 1278 913 1.
1296 877 1332 912 ιιι.

245 949 319 996 Idem.
812 941 930 1006 ‘rupitne
945 941 1072 1006 'I'yphoeiu
1083 941 1173 990 cervix
1190 941 1333 990 luerimem?

278 1025 363 1084 Orion,
381 1026 441 1073 Cion
459 1023 527 1085 pedes
541 1019 630 1070 incedit
647 1017 718 1067 medii
732 1031 776 1080 per
812 1017 929 1068 fractane
955 1018 1015 1082 jugi
1038 1029 1161 1081 compage
1183 1014 1277 1064 Vesevi
1297 1015 1334 1062 al-

244 1103 349 1152 ιιιιιτὶιιιο
360 1101 433 1150 Nerei
441 1097 547 1160 δέομαι]
565 1097 686 1158 Orioscm
696 1093 775 1141 etiam
813 1109 926 1158 cyoueus
939 1108 987 1156 per
1005 1101 1098 1156 stsgua
1114 1091 1195 1155 pedes
1212 1091 1333 1154 l'yrrbem

244 1179 271 1228 iu
293 1177 375 1242 primo
390 1175 513 1234 diximus)
532 1172 685 1236 OEuopionis
707 1168 775 1218 filius
814 1169 951 1218 cucurrit?
985 1167 1118 1217 Similiset
1135 1167 1180 1215 ills
1190 1165 1275 1230 poesis
1284 1165 1334 1212 AEu.

246 1245 314 1317 r‘egis
325 1251 384 1314 t'uit,
394 1253 416 1300 ei
429 1264 568 1300 concessus
579 1250 611 1299 ab
622 1249 699 1310 Jove,
705 1248 776 1297 Mer·
814 1259 857 1294 ιιι.
880 1245 913 1294 de
931 1245 1058 1308 Cyclope,
1087 1243 1272 1308 ‘proditurque
1294 1255 1335 1306 per

246 1330 327 1387 curlo,
345 1329 521 1392 Neptunoque
543 1325 672 1389 susceptis
692 1323 776 1386 bospi-
814 1335 902 1386 sequor
912 1322 970 1372 Jam
983 1319 1103 1380 medium,
1121 1317 1230 1368 necdum
1250 1317 1335 1366 fluctus

246 1408 291 1456 tio.
328 1404 378 1454 llic
396 1409 505 1453 venator
524 1403 642 1452 immensi
661 1401 777 1465 corporis
816 1399 897 1447 latera
912 1397 992 1445 ardua
1006 1393 1102 1444 tinxit!
1134 1393 1223 1442 Possis
1236 1393 1335 1441 Po'e'tam

246 1479 305 1542 fuit,
323 1480 367 1545 qui
386 1480 497 1544 quodum
513 1485 631 1542 tempore
643 1483 777 1540 susceptus
815 1472 913 1524 referre
934 1474 966 1521 sd
988 1472 1111 1533 fabulam,
1131 1477 1159 1520 ut
1175 1485 1265 1518 omnes
1285 1475 1335 1516 aute

247 1572 262 1606 ιι
282 1571 345 1620 rege
366 1555 522 1618 OEnopione‚
543 1569 601 1602 curu
620 1551 700 1600 vellet
720 1551 777 1614 ejus
815 1550 1037 1612 meinterpretes3
1049 1544 1336 1612 quippoOriouapstre

245 1633 326 1690 filiam
337 1631 439 1692 vitiare,
449 1631 494 1678 ilie
507 1629 587 1676 iratus
598 1641 674 1690 opem
690 1625 778 1674 Liberi
818 1627 941 1692 Neptuno
958 1624 1120 1688 impetravit,
1136 1629 1164 1670 ut
1184 1637 1263 1684 super
1276 1633 1337 1669 mere

248 1708 340 1770 putris,
359 1705 431 1768 cuijus
449 1710 506 1752 erat
525 1702 601 1764 filius,
617 1701 777 1765 implorauit:
800 1691 977 1766 'graderetuu
999 1699 1050 1749 Sed
1063 1700 1124 1764 quid
1138 1701 1158 1747 si
1171 1699 1263 1748 Potite
1275 1713 1338 1747 meos

247 1784 274 1834 le
286 1783 391 1844 Satyrus
408 1779 487 1840 misit,
505 1778 548 1842 qui
565 1791 682 1842 soporem
694 1775 778 1825 infun·
817 1777 883 1826 slis?
900 1778 988 1841 itaque
1008 1775 1108 1825 referre
1126 1789 1228 1838 possum
1246 1787 1339 1838 eompa-

248 1859 342 1908 deront
363 1856 459 1916 Orioni,
477 1859 505 1903 et
522 1855 558 1904 sic
577 1854 647 1904 velut
664 1853 779 1902 vinetum
817 1853 944 1904 rationem
957 1853 988 1902 sd
1000 1853 1124 1903 Orionem
1137 1853 1240 1901 stellam
1253 1852 1346 1902 incum-

249 1933 388 1996 OEuopioni
421 1931 556 1980 truderent
588 1929 696 1978 arbitrio
722 1927 779 1990 ejus
818 1930 922 1980 bentm
937 1929 1012 1990 mori,
1030 1935 1057 1978 et
1073 1929 1232 1978 excitantem
1252 1929 1340 1992 procel

250 2008 416 2072 puniendum.
448 2007 513 2054 Tum
532 2006 575 2055 ille
592 2005 720 2067 OEuopiou
741 2018 780 2052 so·
817 2006 871 2054 las:
889 2005 947 2054 telis
968 2009 1026 2053 erat
1046 2005 1198 2055 iuterrssta
1221 2018 1340 2054 armorum

250 2086 305 2146 pito
317 2084 341 2132 ei
352 2083 441 2132 uerilos
453 2082 565 2130 sustulit.
590 2079 780 2142 Cacsrsitaque
820 2081 971 2130 Mezentius.
1005 2082 1095 2130 Ducor
1113 2081 1216 2129 iuliane
1236 2091 1341 2130 muntem

252 2161 326 2208 Ονίοιι
338 2173 396 2207 cum
405 2158 553 2206 consuleret
566 2154 781 2219 quemadmodum
819 2157 935 2206 versibus
946 2156 1078 2206 Theocrit.
1092 2155 1141 2204 εἶδ’.
1154 2155 1178 2223 ζ.
1192 2157 1234 2206 cui
1246 2158 1341 2205 videtur

216 2253 218 2258 ·
250 2235 337 2284 oculos
360 2241 449 2295 posset
474 2231 600 2295 recipere,
629 2243 781 2292 responsum
819 2231 904 2280 Poeta
931 2231 1044 2298 iussisse.¹
1085 2230 1134 2280 Ait
1160 2233 1214 2293 ille,
1237 2233 1343 2281 Ἔοοετιι

251 2320 293 2360 est
304 2310 328 2358 ei
341 2323 417 2372 posse
429 2309 476 2358 hoc
488 2307 555 2369 fieri,
574 2307 595 2354 si
614 2321 662 2370 per
676 2306 782 2368 polsgus
818 2306 958 2367 Ἀγεάνοκπι
978 2308 1051 2356 sanir
1067 2307 1141 2356 πλόος
1161 2309 1184 2358 ἐι
1202 2308 1342 2365 Meroida,

251 2387 288 2436 ite
298 2393 389 2435 contre
397 2384 534 2440 Orientem
546 2389 677 2447 pergeret,
685 2389 715 2430 ut
724 2381 783 2430 locs
820 2383 848 2431 x‘
860 2383 922 2430 diros
934 2381 970 2443 io·
981 2381 1094 2446 ἑσπερίοις
1109 2382 1194 2446 ἐρίφοιο
1205 2384 1281 2434 Νότος
1293 2385 1344 2446 ἰηρὰ

250 2461 353 2512 luminis
373 2459 451 2510 radiis
469 2459 536 2508 Solis
549 2473 651 2521 semper
668 2455 782 2506 odbrret.
820 2458 889 2523 διώκῃ
905 2456 1014 2520 Κύρνιοι,
1025 2459 1046 2507 κ·
1065 2459 1146 2522 Ὠρίων
1156 2459 1190 2508 dr'
1202 2461 1238 2508 ἐπ’
1260 2462 1344 2520 &roei

253 2535 330 2587 Quod
354 2535 399 2584 ille
419 2531 523 2584 efficere
545 2533 582 2584 ita
603 2533 700 2596 potuit:
724 2546 782 2580 uam
820 2532 970 2597 πόδοοῑοχρ.
986 2531 989 2542 ’
1004 2533 1079 2584 idern.

252 2627 310 2662 cum
337 2611 450 2660 audisset
478 2609 616 2672 strepitum
639 2608 783 2671 Cyclopum
852 2613 900 2658 tes
917 2608 1343 2673 Stognu]'l'umeb.1u.19.uotat,

251 2689 312 2740 lovi
332 2687 439 2736 fulmins
459 2684 648 2745 fabricantium,
666 2697 730 2733 sonu
750 2683 783 2732 ad
821 2683 1344 2753 Grecosetiamslmrcrebroappellue

253 2778 297 2814 eus
315 2761 408 2810 ductus
419 2765 469 2821 est,
480 2758 602 2808 uuumde
620 2759 660 2810 bis
678 2759 728 2806 suis
739 2759 783 2807 bu·
822 2774 895 2820 merc,
913 2764 991 2823 sique
1012 2760 1090 2808 etium
1109 2763 1237 2812 οονοιιιιννι.
1270 2763 1344 2813 Simili

253 2837 329 2888 rueris
341 2835 516 2898 superposuit,
527 2840 556 2884 et
567 2847 598 2883 eo
610 2834 676 2883 duee
688 2834 785 2882 oraculi
822 2836 904 2886 forms
914 2835 1061 2898 Apollouid.
1072 2837 1097 2884 iu
1108 2838 1196 2900 Epigr.
1209 2838 1242 2888 de
1260 2841 1344 2888 rrius-

255 2917 387 2975 precepta
397 2911 547 2973 complevit.
576 2911 637 2960 Nou
649 2917 735 2960 autem
746 2911 784 2958 iu·
823 2921 880 2962 tore
908 2911 974 2959 dixit
1002 2913 1084 2975 rqprios
1110 2911 1209 2974 τενάγη,
1234 2930 1291 2980 quse
1309 2916 1345 2964 bic

254 3002 368 3052 congruo
379 2987 486 3052 lingitur
497 2987 612 3052 potuisse¹
623 2988 661 3036 ire
674 3002 721 3050 per
732 3002 785 3036 me·
823 2987 922 3037 ‘Nerei
942 2987 1050 3052 stagna!
1086 2989 1183 3038 Noster
1197 2991 1282 3039 tamen
1300 2991 1346 3054 epi·

254 3065 323 3114 dium
337 3065 536 3128 pelagusquesi
555 3063 622 3114 iilius
641 3078 688 3127 pro
709 3070 784 3127 purte
823 3063 1016 3112 tbetoelevuvit
1037 3064 1172 3127 tapinosin.
1208 3065 1344 3115 Traianum.
1377 3063 1378 3128 l

255 3141 383 3204 Neptuni.
429 3141 495 3190 ilaec
518 3149 604 3190 utitem
627 3141 785 3204 comparatio
859 3139 928 3190 Viom
944 3139 1061 3202 sonim]
1076 3141 1213 3190 Lueretius
1230 3143 1296 3192 libro
1311 3158 1344 3191 se·
1377 3147 1378 3196 l

255 3216 370 3280 pertinet
381 3217 414 3266 ad
426 3218 505 3266 sulam
516 3218 631 3279 corporis
644 3218 784 3280 prucerits-
823 3215 916 3277 cundo,
927 3216 978 3262 rios
988 3215 1124 3268 rescindere.
1142 3215 1278 3280 Oppianus
1291 3217 1345 3266 Hel.
1377 3213 1378 3260 ἶ

222 3345 224 3352 .
255 3301 318 3342 tem.
352 3291 481 3340 Aliibuuc
503 3292 705 3342 Orinnemtautae
716 3308 786 3357 mag·
822 3306 842 3341 1.
865 3289 1197 3354 ἄδοτονπιρόοοιθολόοοηι.
1234 3297 1316 3344 Cerdo.
1377 3267 1378 3308 ¹

256 3365 578 3428 rdtirdiuisdicuntfuisse,
594 3377 624 3418 ut
640 3369 710 3418 nullo
727 3381 786 3418 eum
860 3367 928 3418 vion
939 3367 1057 3431 scindens]
1082 3368 1187 3418 AEurt.
1204 3369 1343 3419 ‘lilerium
1377 3353 1378 3416 ζ

256 3440 366 3490 altitudo
381 3441 458 3490 uraris
470 3442 658 3505 ingredientem
672 3444 786 3506 potuerit
823 3451 895 3494 secat
907 3444 939 3492 ad
949 3444 1043 3494 nares!
1080 3445 1221 3495 Τιινὺιινονιιι.

256 3517 359 3580 moturi,
379 3518 448 3568 uude
467 3520 535 3568 iuter
553 3519 639 3568 sidere
656 3527 785 3582 receptus.
857 3520 962 3570 Homero
981 3521 1134 3584 superstitiosi
1154 3523 1241 3589 nudos]
1256 3523 1342 3572 Pruse-

255 3593 322 3642 Seue
337 3595 411 3647 Pedes
423 3595 511 3646 incedit
531 3610 577 3658 pro
596 3597 702 3656 incessit,
719 3609 786 3659 prae-
824 3599 926 3646 ritatem
939 3599 1041 3662 quidem
1053 3600 1168 3662 corporis
1181 3603 1265 3664 aptius
1278 3601 1344 3665 sigui·

255 3684 313 3718 sens
326 3684 373 3734 pro
386 3672 528 3732 praeterito.
564 3673 613 3720 Per
622 3672 726 3736 musione
743 3685 785 3719 au·
824 3673 902 3723 licere
922 3689 975 3723 uon
996 3675 1092 3737 potnit.
1110 3675 1243 3725 ''l'roduut
1266 3687 1343 3728 tamen

258 3753 310 3796 tem
328 3748 504 3810 li'ereistognu.
539 3749 787 3811 Epitlretoelevsvit
825 3749 867 3798 alii
887 3751 984 3812 Orioni,
996 3751 1039 3815 qul
1050 3760 1159 3818 venator
1170 3752 1285 3802 immensi
1302 3751 1343 3802 fuit

256 3823 405 3886 'l'upiuosim
418 3839 488 3872 more
499 3839 551 3872 suo.
585 3823 690 3873 Seruios.
824 3827 949 3890 corporis,
959 3841 974 3876 e
986 3835 1060 3890 putre
1070 3827 1193 3896 Neptuno
1204 3829 1253 3878 boc
1265 3829 1343 3878 datum

290 3903 368 3958 Quum
379 3917 478 3964 irruguus
492 3901 578 3964 Orion]
602 3903 654 3951 Pur
666 3903 709 3951 illu
721 3917 788 3952 corn-
824 3919 888 3965 esse,
910 3912 939 3953 ut
958 3919 1037 3968 super
1055 3919 1125 3955 msre
1147 3905 1303 3956 ambularet:
1320 3909 1343 3951 ut

258 3977 358 4039 paratio
371 3977 461 4026 Culsb.
474 3978 489 4026 l.
503 3991 535 4026 ιι.
556 3976 588 4024 de
602 3977 712 4036 Achille,
729 3977 787 4025 bri·
826 3980 924 4044 lpiicio,
942 3994 1020 4043 super
1039 3981 1130 4030 aristus
1150 3982 1254 4046 segetis.
1285 3977 1341 4028 vile

258 4053 291 4102 evi
299 4051 463 4114 pe'ooou'lli'r,
479 4049 604 4100 Τιτάνεοοι
619 4052 788 4101 raimondo·
824 4057 940 4106 Servium
952 4057 1099 4107 et'l'urueb.
1113 4069 1208 4108 xxrtt.
1220 4063 1260 4108 28.
1277 4057 1343 4107 lm.

256 4145 295 4178 σιν
306 4128 398 4178 loceris:
416 4129 456 4193 qui
471 4145 516 4193 per
532 4128 619 4178 rnedios
634 4129 683 4178 iiot
697 4143 788 4193 ριιιεοο-
856 4136 906 4183 tub
924 4131 1049 4198 Reform]
1065 4135 1118 4184 Pro
1129 4133 1212 4197 serent
1230 4145 1343 4190 ιιιοιοιιι,
