2804 4784
401 379 544 439 visuro.
588 387 725 438 munio.
749 369 821 439 xri.
1076 371 1163 439 9917

86 529 303 596 massonum]
335 533 430 584 Cusus·
448 535 599 584 unmomuis
667 537 715 585 999
740 533 830 597 Infelix
853 549 941 600 pngrsoe
965 533 1083 598 horreos,
1110 535 1162 600 du]

43 619 139 656 casus
153 608 182 656 in
195 614 324 671 potestate
335 609 445 660 fortune
457 619 506 662 est
538 611 577 663 ld.
636 611 705 663 Quis
722 625 772 662 uon
790 609 898 675 putebat
908 613 1020 662 Turnum
1032 613 1163 664 cirststern

87 687 147 734 999
174 683 256 734 Tertio
274 685 402 735 umentem
418 687 534 752 prospicit
549 689 600 738 los-
636 685 924 752 obpugnaripsssorom
935 685 1164 781 fuisscsirircret.

46 759 120 822 term]
142 759 201 810 Aut
213 773 227 808 e
239 762 316 811 tectis
328 763 469 827 prospicit:
485 772 529 815 sut
541 779 599 814 coss-
636 759 740 812 &niso

47 835 468 888 trasectsveuie'mem.1nem.
669 835 790 898 Psgrsae
775 835 1081 901 promismissio]
1113 839 1163 888 llo·

93 909 240 959 Venientem
247 911 472 976 prospicitisoslers]
502 913 535 963 ln
548 913 600 964 ou
636 927 726 962 munus
748 913 831 961 codex
847 928 863 961 o
884 913 1011 980 cerlmpisc
1031 913 1163 977 legit,scd

48 985 249 1048 lougucodice
269 992 297 1036 et
315 988 342 1036 iu
359 988 457 1053 uliquot
477 989 533 1038 nliis
548 1004 600 1038 cos·
636 988 728 1037 nsclius
758 994 799 1038 est
825 990 860 1038 is.
916 989 1042 1041 Quodam
1072 995 1164 1039 veteru

49 1061 135 1124 spicit
150 1061 277 1112 osbetm:
302 1063 369 1128 quod
380 1065 462 1129 magis
477 1071 601 1129 moveret,
638 1063 688 1112 sliu
718 1063 878 1127 exemplaris
903 1065 1013 1125 isumus
1038 1065 1166 1115 semme

51 1143 178 1200 propter
190 1137 297 1200 periculi
308 1135 483 1190 vicinitatem·
510 1141 556 1190 sed
574 1155 600 1190 c-
636 1139 736 1202 tegunt,
766 1139 861 1204 absque
887 1154 911 1202 o,
944 1146 973 1190 et
997 1140 1093 1205 ubsque
1128 1141 1164 1189 irs.

53 1211 117 1260 uim
145 1213 266 1275 prospicit
292 1214 396 1264 Servius
422 1216 545 1278 comittit,
572 1223 601 1266 ct
639 1215 748 1264 Pierius.

53 1293 162 1338 veteru
181 1290 304 1354 pleraque
323 1291 477 1356 exemplaris
494 1307 600 1342 consen·
670 1289 799 1352 Pugraein
810 1291 946 1356 certamine]
978 1291 1019 1341 Sic
1031 1291 1091 1340 ulibi
1104 1292 1166 1356 jun-

54 1362 146 1412 tiuut.
181 1363 285 1414 Pierius.
638 1363 701 1431 git‘
714 1367 805 1430 pruciis
818 1381 910 1431 pugnos
920 1367 935 1416 :¹
952 1374 981 1416 ut
992 1367 1095 1416 Lucrcl.
1114 1368 1133 1414 1.
1146 1379 1166 1416 r.

95 1443 151 1490 599
169 1440 258 1490 Imrssi
268 1440 356 1505 mos]
385 1442 483 1492 lnrsdi.
516 1443 583 1492 Sero.
639 1443 888 1494 ‘certaminsbelli'
921 1443 1081 1506 Horusaepe
1095 1441 1167 1492 rite·

98 1517 204 1566 lucendi
215 1515 304 1579 muros]
326 1517 434 1567 Codices
444 1518 545 1566 osuniuo
556 1518 601 1566 uli-
637 1516 790 1581 μουμχην.
824 1521 910 1569 Cerdo.

61 1593 111 1656 qui
136 1599 242 1644 veteres
266 1595 359 1643 iucem
385 1595 483 1659 lugunt.
526 1593 601 1644 Auti-
671 1597 719 1642 999
736 1592 958 1655 mementorum]
972 1591 1111 1658 liguratur
1130 1599 1169 1655 ut,

62 1669 157 1734 quitus
176 1669 244 1719 culm
263 1671 393 1720 contextis
413 1670 554 1731 arboribus,
564 1671 602 1719 lu·
639 1669 648 1698 ‘
660 1667 882 1718 Oculossuffusn!
915 1667 1019 1716 Seruios

62 1753 166 1809 toque‘
184 1751 229 1796 sut
255 1748 327 1796 culce
349 1746 421 1796 illitis
439 1746 601 1812 insertisque,
642 1753 647 1762 ·
671 1749 719 1793 999
738 1743 869 1808 Cnputpse]
896 1743 969 1792 Sicut
980 1741 1167 1806 supradictum

64 1821 167 1868 usoeuis
193 1823 307 1871 construi
333 1821 465 1872 solebant:
494 1837 602 1887 quornm
639 1827 690 1882 cst,
714 1820 792 1883 Copnt
808 1819 943 1868 dicebatur
964 1818 1008 1882 qui
1029 1824 1118 1867 auctor
1140 1825 1169 1868 et

66 1895 198 1958 plurimus
215 1895 241 1944 in
259 1895 353 1945 Galliis
374 1911 433 1944 usus
454 1895 513 1958 tuit,
534 1903 602 1947 teste
640 1897 761 1960 princeps
776 1894 883 1958 alicujus
902 1894 940 1942 rei
959 1899 1045 1956 gentse
1058 1891 1169 1954 inisset3

67 1969 187 2019 Caessrc.
220 1971 271 2019 Sed
284 1971 352 2020 enim
363 1971 603 2036 oblongusiledi·
639 1971 788 2022 utlEu.xr.
804 1969 848 2020 ι0
866 1969 941 2019 Latio
961 1975 1041 2031 ceput
1059 1967 1169 2018 horum!

67 2061 144 2108 cens,
164 2054 242 2112 utque
264 2047 307 2097 ulii
329 2055 478 2112 perveteres
489 2048 602 2112 codices,
639 2045 743 2096 &nim

68 2123 157 2172 moui
185 2123 321 2187 legendum
346 2123 500 2174 ostendunt:
534 2123 604 2188 quod
673 2125 719 2171 991
745 2121 868 2186 Multoque
890 2137 914 2185 p.
934 2137 966 2170 m.
984 2122 1078 2172 demens
1097 2119 1172 2186 effeto

69 2197 178 2247 Servius
189 2197 313 2261 sdusifflt,
328 2198 389 2247 dusu
400 2199 505 2262 exponit
515 2201 603 2248 incudi.
635 2194 755 2259 fororem]
792 2195 880 2244 Verbs
890 2197 973 2245 noluit
984 2210 1091 2259 ponere,
1102 2193 1171 2246 onds

70 2271 206 2322 Romanus
224 2273 358 2338 ambiguus
376 2279 417 2322 cst
436 2275 507 2322 unius
525 2279 605 2322 mutn-
640 2271 744 2320 ridetur
754 2271 823 2320 dirus
834 2270 989 2334 significare.
1022 2271 1096 2322 ldtm.

71 2348 145 2397 tione
156 2347 251 2412 litcrae,
261 2349 288 2396 in
307 2363 337 2398 co
356 2347 422 2398 enim
441 2348 528 2396 incessi
542 2347 604 2410 legi-
674 2347 724 2396 Per
733 2351 839 2395 mamm
850 2345 925 2410 effato
934 2343 1054 2408 sororem]
1074 2345 1106 2396 Iu
1117 2345 1170 2397 oo

73 2430 134 2472 tur:
152 2422 605 2487 sedcumslissprimnmexdusbus
642 2421 718 2484 longo
751 2419 843 2470 codice
875 2421 976 2468 dolorem
1000 2427 1056 2469 cst:
1101 2421 1171 2482 qnod

74 2510 99 2547 ss
117 2487 179 2546 in‘s
197 2503 301 2547 vertere
320 2497 459 2559 consuerit,
476 2504 505 2546 ut
523 2499 606 2548 multu
643 2511 694 2544 nou
722 2509 795 2559 aeque
822 2495 924 2558 placet:
939 2505 941 2510 ·
956 2509 1040 2559 neque
1068 2495 1171 2559 quidem

75 2573 195 2636 superius
206 2565 429 2622 declsrnutcitsts
440 2573 506 2635 locs,
523 2573 607 2622 incessi
644 2571 713 2636 quod
730 2571 808 2636 <pinio
833 2571 874 2619 vel
891 2569 972 2634 ψει
993 2569 1020 2617 ln
1038 2569 1171 2620 ‘nonnullis

76 2646 234 2695 crediderim
262 2660 319 2695 esse
347 2645 485 2695 debuisse:
529 2661 606 2711 quum
643 2647 761 2696 hebetur.
795 2645 899 2696 Pierius.

78 2721 220 2786 presertim
232 2721 372 2771 Arusisnus
388 2721 415 2769 ln
433 2720 606 2771 elocutionum
676 2726 724 2771 6⁰2
740 2721 874 2788 Purpureos
891 2723 1007 2772 morituro
1024 2737 1103 2786 muru,
1121 2722 1174 2786 ic]

77 2799 213 2862 exemplis,
229 2797 280 2848 loci
298 2797 374 2862 hujus
385 2799 523 2862 virgiliani
534 2799 607 2848 testi·
644 2799 718 2860 Rem,
728 2814 785 2864 quos
795 2797 943 2848 Flaminicis
952 2797 1085 2864 competit,
1092 2805 1176 2848 traus-

78 2875 171 2936 monio,
181 2873 300 2924 ostendet
311 2875 447 2937 elegentes
464 2872 515 2922 dici
534 2875 607 2924 iures-
644 2875 703 2924 tulit
722 2875 756 2924 sd
777 2875 899 2937 reginem.
942 2876 1086 2926 Flaminius
1106 2877 1174 2926 enirn

79 2950 248 2999 sitsrillorcs:
264 2948 607 3014 qusreiscernimssruslouge
644 2958 772 3000 uenenato
794 2951 888 3014 operiri
910 2951 1005 3002 debet:
1034 2965 1093 3000 nuru
1116 2966 1175 3001 cunt

82 3025 209 3074 lubentius
220 3024 338 3087 legerius.
373 3023 477 3074 Pierius.
645 3027 746 3074 umidus
756 3025 828 3086 dicit,
848 3033 965 3088 opertum
977 3025 1052 3086 dicit,
1063 3041 1121 3091 quse
1133 3040 1175 3076 res

116 3097 210 3160 luceru]
243 3098 275 3147 ld
297 3106 348 3160 est,
364 3097 466 3148 inrsdi:
495 3099 533 3148 its
549 3097 607 3148 Ser-
644 3099 926 3164 sdpslliumrct‘ertur.
959 3099 1063 3149 Seruisu.

81 3173 136 3222 rius
146 3189 152 3221 ε
176 3187 251 3237 quoru
266 3173 404 3224 lectionem
415 3173 493 3224 ctissu
505 3175 607 3225 liabrlc.
677 3179 725 3224 999
743 3177 778 3224 Et
787 3177 871 3225 rodum
881 3175 989 3236 insomnis
999 3175 1068 3240 letis]
1078 3175 1175 3228 Fabius

82 3265 98 3299 c
110 3249 173 3298 list.
184 3246 277 3313 probat
288 3261 392 3297 rernm:
409 3249 448 3298 its
460 3249 555 3314 Georg.
567 3263 607 3301 tv.
646 3251 736 3300 Pictor
747 3251 889 3316 dicitquod
900 3251 995 3302 Amnts
1005 3253 1091 3303 inedia
1102 3269 1128 3304 se
1139 3255 1175 3304 in-

82 3329 123 3376 98.
138 3324 270 3388 ‘Regibus
282 3322 389 3372 incessit
404 3337 498 3387 magun
513 3323 607 3375 discor·
646 3327 758 3378 teremit.
790 3327 858 3377 Sene
877 3329 1010 3379 sciendum
1030 3330 1098 3394 quod
1116 3345 1176 3381 cau-

84 3401 126 3450 dis
135 3400 221 3450 motu!
262 3399 388 3463 Agnoscit
398 3413 456 3448 cum
466 3409 495 3449 et
506 3400 608 3451 Arosis·
646 3410 700 3453 turn
711 3402 796 3453 fueret
807 3404 832 3454 in
844 3403 1035 3467 pontificalibus
1047 3405 1130 3468 libris,
1146 3415 1176 3460 nt

84 3493 139 3541 nus,
156 3479 182 3526 in
204 3477 335 3542 Exemplis
357 3477 534 3528 Elocutlonum
552 3479 608 3527 Vir·
646 3479 689 3544 qni
705 3479 796 3544 laqueo
808 3479 887 3529 vitam
905 3479 1014 3544 linisset,
1031 3481 1176 3548 insepultus

86 3555 239 3621 gilisusrnm.
274 3555 325 3605 Alii
345 3557 395 3619 leg.
413 3555 514 3605 incendi.
548 3555 608 3606 Gul.
646 3553 812 3618 objiceretur.
855 3555 931 3606 Unde
955 3557 1020 3607 bene
1043 3559 1081 3608 ait
1102 3558 1176 3620 insor-

87 3632 207 3680 Cnnterus
227 3629 294 3680 Nor.
306 3632 380 3680 Lect.
395 3644 433 3679 rr.
445 3633 485 3680 29.
505 3632 556 3694 leg.
572 3631 608 3679 iss-
645 3627 691 3676 mis
708 3630 773 3691 mli,
790 3629 862 3694 qussi
879 3631 970 3681 mortis
992 3632 1175 3683 infamissima.

86 3707 176 3755 mendi:
210 3707 270 3770 quis
295 3705 467 3771 precesserit,
500 3705 608 3755 ‘Scslae
646 3703 715 3766 Ergo
727 3717 785 3752 curu
803 3705 865 3753 nihil
884 3707 918 3755 sit
935 3707 983 3756 huc
995 3713 1079 3756 morte
1090 3705 1176 3755 desor-

87 3780 234 3844 improviso:
251 3783 299 3831 dre.
336 3781 479 3831 Tuudmnssss
646 3779 719 3839 mins,
731 3780 834 3843 politam
847 3783 924 3830 stium
941 3797 989 3846 pro
1005 3781 1101 3844 regins·
1120 3781 1176 3846 dig-

119 3859 162 3905 999
179 3855 270 3918 Volore]
303 3857 463 3906 Siancret.
479 3857 497 3906 l.
510 3869 528 3905 r.
545 3857 608 3904 ‘ro-
646 3854 730 3904 nitate
749 3855 844 3905 dixisse
866 3857 1030 3920 sccipisrnus.
1072 3855 1176 3906 Cassius

88 3929 362 3980 lucroruflurumururu.’
396 3931 608 3995 Euripinlone,
647 3937 733 3980 cirtem
754 3931 844 3980 Emius
863 3932 910 3990 ait,
926 3929 1115 3995 ‘Tarquinium
1128 3931 1176 3980 Su-

89 4005 167 4058 mmis
190 4005 299 4071 risores,
319 4007 401 4069 ferm
426 4011 504 4058 uolut:
532 4014 560 4058 et
581 4008 608 4057 in
647 4003 825 4069 perbumcum
838 4006 1074 4070 closcsspopulum
1089 4004 1175 4056 facere

89 4083 199 4134 liondib.
221 4085 301 4146 καινῷ
320 4082 426 4148 scripum,
445 4083 514 4144 sumo
535 4085 607 4132 nicto.
647 4079 780 4143 coigisset,
795 4086 823 4130 et
838 4079 870 4128 ob
886 4078 951 4129 hsnc
968 4080 1086 4146 injurium
1102 4081 1177 4130 multi

90 4158 150 4208 Vide
160 4174 216 4224 quae
228 4159 319 4223 scripsi
330 4160 428 4224 Goorg.
439 4173 471 4209 rr.
486 4159 519 4208 sd
535 4159 608 4222 illud,
647 4169 674 4206 se
694 4155 831 4221 suspendio
851 4161 982 4218 necarent,
996 4155 1101 4220 jussisse
1118 4171 1175 4206 cor·

91 4231 231 4300 ‘inuusque
243 4234 378 4286 volucres!
412 4235 498 4286 Cerdo.
647 4243 712 4296 pors
729 4246 818 4282 eoruns
834 4231 905 4282 cruci
924 4229 1008 4296 affigi:
1042 4238 1104 4282 tnnc
1124 4233 1175 4296 pu'·
