2816 4792
254 343 342 412 3626
604 363 711 414 norm
735 361 936 412 vsntottun
961 359 999 412 ua

288 508 337 554 877
354 503 786 572 Fidilssepcdilss1Dstirusett
822 510 895 571 gunt.
928 504 1034 570 Antiqui
1045 503 1124 555 etium
1141 505 1192 555 ltaec
1207 503 1273 555 obis
1294 505 1387 556 dice-1

255 581 369 644 pedibas:
386 581 503 647 uamfido
513 583 558 633 libi
568 585 684 635 dicimus.
705 585 773 636 Seru.
822 584 895 646 bunt,
904 582 1043 633 secandum
1055 583 1123 647 quod
1135 589 1175 633 est
1186 597 1281 646 usq-na
1289 583 1382 633 obice.

289 657 363 707 Ferro
378 660 506 721 rumpendo
520 675 564 723 per
579 660 652 710 lastis
670 663 717 710 Eas
734 661 785 724 uin]
823 659 892 710 Hinc
906 667 955 725 est,
975 659 1042 724 quod
1053 659 1167 709 nonnulli
1178 660 1270 710 vitent
1283 673 1380 723 geue-

253 732 312 782 Iaiv.
329 734 396 784 l.1v.
419 735 519 785 ‘Ferro
535 737 579 786 vis
595 737 713 787 iacienda
725 740 784 789 est!
822 737 857 786 ris
868 736 1038 798 dubietatem,
1054 741 1082 784 et
1097 736 1188 798 legunt
1203 735 1307 798 mgni,
1321 735 1378 784 sci-

256 809 292 860 Et
302 809 329 857 iu
340 809 468 860 cunnensi
483 811 582 872 prelio,
597 811 695 876 ‘ferro‚
706 821 784 878 atque
822 812 894 873 licet,
910 811 991 860 muris.
1025 811 1110 874 Caper
1126 819 1212 858 tamen
1232 810 1264 858 iu
1285 809 1377 858 libris

255 884 364 934 audacia
375 885 425 934 iter
432 884 472 948 fis,
479 887 594 949 quamuis
602 901 650 950 par
656 886 785 939 confertos
824 887 894 950 dubii
905 887 1017 952 generis,
1028 887 1120 949 probat
1129 884 1182 936 diei
1193 893 1222 935 et
1238 886 1284 934 laic
1303 885 1376 934 oben.-

179 1019 185 1030 .
253 960 359 1010 inustas!
392 962 429 1010 Et
448 961 465 1010 l.
486 974 557 1012 xxti.
580 965 695 1027 ‘Neque
716 966 785 1015 enim
823 963 995 1014 etiaecoiex:
1019 964 1096 1028 quod,
1107 970 1136 1013 ut
1147 963 1271 1025 diximus,
1282 963 1374 1012 hodie

255 1036 317 1086 inde
332 1039 408 1103 votis,
423 1047 468 1090 aut
483 1041 663 1103 imploratione
685 1043 784 1104 Denm3
823 1041 856 1090 de
867 1055 914 1090 usu
925 1040 1041 1091 recessit.
1074 1040 1150 1089 Idem.
1242 1079 1247 1089 .

255 1113 301 1161 sed
318 1113 353 1175 vi,
371 1129 401 1166 ac
417 1117 514 1166 virtute
532 1117 692 1166 eradendum
709 1133 782 1168 esse:
855 1118 926 1178 ans,
937 1116 1011 1165 summ
1026 1117 1208 1178 mngnoclusdit
1223 1132 1270 1166 sos
1287 1117 1372 1177 objice

254 1203 304 1252 per
320 1191 419 1241 medies
438 1193 506 1242 acies
529 1191 598 1243 ferro
622 1194 687 1244 viam
709 1193 784 1244 fieri!
821 1192 917 1257 posim]
949 1193 1049 1254 Magno,
1068 1191 1134 1240 virili
1153 1207 1259 1256 genere,
1274 1193 1304 1241 iu
1318 1193 1371 1240 im-

257 1266 293 1314 Et
314 1266 331 1314 l.
354 1280 395 1317 rx.
427 1283 472 1318 ure
492 1270 637 1320 Dictatoris
660 1271 783 1322 Romani:
824 1269 917 1340 pressis
927 1268 1044 1316 omuibus
1059 1266 1193 1316 codicibus
1208 1267 1291 1331 leges.
1332 1269 1369 1317 ln

255 1343 354 1412 ‘Locis
373 1348 488 1410 angustis
504 1348 599 1398 milites
621 1350 784 1414 deprehensi,
823 1345 933 1409 antiquis
941 1359 1002 1394 reru
1011 1341 1245 1406 mogumt'aemiuiuo
1253 1359 1368 1408 gemere.

255 1419 501 1484 nisiquamricturis
510 1423 709 1488 patefecerimus
718 1427 785 1476 viam
823 1419 1368 1485 quuerecepisseServiusridetur,qunm

254 1496 352 1546 nullasu
362 1498 502 1549 ltsbemus.'
531 1501 642 1551 Catilina
651 1502 720 1565 apud
733 1502 785 1552 Sal·
824 1497 899 1560 dixit,
910 1499 918 1528 ‘
929 1497 1039 1551 Quidem
1048 1512 1140 1561 magno
1149 1497 1235 1560 objice
1247 1497 1367 1562 legunt!

256 1573 317 1624 lust.
346 1575 525 1641 ‘Quocunque
545 1577 583 1626 ire
602 1578 698 1640 placet,
715 1577 784 1628 serra
824 1573 1066 1639 Aitquenounullns
1085 1573 1119 1623 sd
1138 1575 1287 1624 enitendum
1308 1590 1366 1624 am·

230 1671 234 1680 ,
255 1649 307 1698 iter
317 1652 484 1714 aperiendum
496 1653 552 1703 cst!
576 1655 661 1703 Cerdo.
824 1651 977 1714 biguitstern
996 1653 1083 1716 legere
1099 1651 1175 1700 malle
1186 1651 1277 1712 magni,
1289 1651 1366 1700 scili·

288 1727 336 1774 ³7⁸
354 1726 786 1788 Qwsblutuaeirumueusiutmns
824 1735 868 1778 cst
886 1730 969 1778 muria.
1003 1729 1091 1792 Usque
1108 1727 1173 1777 adeo
1190 1733 1276 1788 rates,
1292 1742 1365 1775 sum-

254 1799 338 1864 urgel]
354 1801 786 1869 IuRumanocodicequocturguet
824 1821 880 1855 mus
900 1805 1022 1872 loquendi
1048 1805 1229 1868 scribendique
1249 1803 1363 1868 artifex,

255 1873 364 1928 Attiano
381 1893 452 1928 mure
467 1880 585 1930 habetur.
620 1882 786 1949 haimerius,
823 1881 871 1932 sub
882 1880 999 1942 ferulam,
1010 1882 1030 1930 si
1040 1883 1099 1931 Deo
1110 1881 1205 1944 placet,
1218 1889 1362 1931 teruntur

255 1953 381 2006 ‘Mortsli
392 1971 530 2020 urguemur
542 1958 574 2006 sb
585 1957 675 2007 hoste!
697 1959 765 2010 Pier.
824 1971 840 2005 n
859 1956 1053 2018 Grummsticis,
1075 1959 1118 2021 qul
1136 1958 1228 2007 nolunt
1245 1959 1361 2022 amplius

288 2035 336 2080 374
356 2032 412 2081 Huc
427 2047 467 2080 uos
481 2039 506 2083 el
522 2034 636 2084 Pallanta
649 2037 729 2084 ducem
745 2051 787 2100 pu-
823 2034 862 2084 lic
873 2041 900 2084 et
911 2035 960 2083 ltoer
971 2033 1029 2082 ulex
1040 2033 1109 2084 dici:
1132 2039 1161 2083 ut
1173 2033 1308 2084 veteribus
1321 2037 1361 2084 di-

253 2109 304 2157 trin
318 2109 489 2172 surrepserit]
515 2108 786 2174 llocvultpatria‚ut
824 2122 1045 2158 cerecnnceasum
1057 2116 1105 2159 eat.
1138 2110 1298 2159 Eatetillud
1311 2112 1358 2160 ad-

255 2199 303 2246 pcr
313 2183 399 2234 condes
408 2183 520 2234 hostium
531 2193 700 2237 revertamus.
718 2189 785 2240 Sem,
824 2185 963 2233 notandum
972 2183 1036 2234 obice
1046 2183 1123 2232 unico
1132 2185 1143 2232 i
1153 2185 1179 2233 in
1189 2186 1303 2250 antiquis
1315 2201 1360 2238 co·

288 2260 344 2310 Hac
361 2275 409 2322 uus,
427 2261 479 2323 dm]
508 2261 572 2311 (ium
595 2265 725 2314 sententis
742 2266 785 2328 sit,
823 2259 924 2310 (litibus
935 2259 1021 2310 scribi·
1056 2260 1160 2310 Pieris·-

256 2351 303 2400 per
330 2337 415 2386 caedes
436 2337 597 2387 redeundum
620 2339 646 2387 iu
668 2341 787 2404 patriam,
858 2337 965 2400 clandit]
997 2336 1150 2387 cluttdinuus
1162 2338 1194 2388 de
1212 2339 1287 2389 Bello
1298 2341 1357 2391 Gil-

255 2413 385 2479 quadrmt
401 2415 428 2464 in
443 2416 510 2465 hunc
521 2417 605 2466 locum
616 2417 697 2467 verba
707 2418 786 2468 Alex.
823 2411 883 2462 don.
900 2413 1053 2478 ‘'l'yl'l'itellil
1068 2413 1197 2464 cidufflltll'
1214 2415 1310 2466 undat’
1328 2426 1357 2467 et

256 2490 330 2540 audrl
342 2491 416 2554 apud·
428 2491 545 2542 Curtium
561 2494 579 2542 l.
590 2507 629 2544 ιν.
652 2495 660 2523 ⁴
672 2495 721 2544 Tot
735 2499 786 2544 ter·
824 2491 856 2540 de
868 2489 1058 2550 saltuosum,
1073 2487 1165 2538 ‘⁰¹²³ss
1177 2490 1267 2553 ponti!
1297 2493 1358 2552 2³²»

256 2581 342 2616 rarum
364 2568 451 2632 spatia
468 2570 587 2630 emensis,
611 2576 651 2621 tot
671 2571 787 2621 amnibus
823 2565 943 2616 ‘claudit
962 2579 1009 2616 nos
1031 2571 1125 2629 pontus
1149 2579 1240 2629 magno
1260 2566 1354 2632 obiee,'

254 2643 434 2708 montibusque
460 2653 521 2708 post
543 2651 643 2708 tergum
669 2646 788 2710 objectis,
823 2642 892 2691 idem
911 2642 988 2706 quod,
1000 2641 1093 2690 dividit
1111 2653 1156 2690 nos
1168 2655 1258 2706 magno
1268 2642 1353 2706 obice,

253 2721 306 2768 iter
317 2721 343 2768 iu
355 2720 464 2781 patrium
476 2729 502 2768 et
515 2721 628 2769 Penates
642 2735 718 2770 mauu
729 2735 786 2771 esse
823 2720 860 2770 ait
870 2719 923 2771 Jnl.
934 2719 1027 2782 Sculig.
1038 2719 1114 2768 Polit.
1125 2731 1163 2766 ιν.
1176 2722 1216 2768 tu.
1250 2721 1336 2770 (ἴσαι.

254 2793 420 2845 leniendum!
455 2797 542 2844 Cerdo.
856 2799 905 2844 778
920 2795 1010 2856 Panga
1024 2794 1248 2859 llujmnnepetslis]
1265 2797 1353 2860 Pelsgs

286 2872 334 2919 8⁷6
353 2869 458 2920 Numina
468 2873 532 2920 sallo
541 2873 663 2936 prensant]
683 2872 706 2922 Α
717 2872 788 2924 sacili
824 2871 949 2934 impressa
968 2870 1053 2919 omnin
1073 2871 1162 2932 legunt
1177 2871 1331 2935 exemplaris
1344 2889 1351 2932 ς

254 2953 460 3011 argumentatur,
473 2947 561 2997 diceus
571 2964 623 2999 nou
633 2956 715 3000 contro
724 2952 788 3001 Dens
825 2943 1036 3012 quummmen'tn
1046 2945 1226 2996 vetustioribus
1236 2949 1350 3000 omnibns

254 3024 301 3072 sed
314 3031 404 3074 contra
415 3025 538 3074 mortales
554 3026 622 3075 bella
637 3032 786 3076 tractamus.
818 3023 889 3086 suge
904 3025 1002 3088 pelagus
1017 3025 1127 3088 legatur,
1144 3022 1212 3087 qnod
1228 3023 1271 3072 alii
1283 3025 1349 3075 ride·

253 3097 362 3148 Seruius.
825 3101 886 3150 rint.
915 3101 1047 3149 Praeterea
1065 3113 1112 3164 pro
1131 3101 1226 3162 petetis,
1247 3106 1349 3164 petemus

288 3177 335 3222 877
356 3174 416 3223 Eros
425 3174 509 3238 numid
544 3175 622 3227 Quod
635 3183 676 3226 est
687 3175 787 3240 efficax,
825 3189 935 3238 persons
946 3175 1030 3238 prims
1041 3176 1067 3223 in
1080 3175 1208 3239 plerisque
1220 3177 1347 3227 codicibus

255 3248 281 3298 in
293 3248 344 3298 line
356 3251 457 3313 posuit:
475 3265 534 3299 uam
544 3250 618 3311 dicit,
630 3267 674 3302 eus
686 3269 736 3318 quo
748 3254 787 3305 fu·
824 3249 943 3302 liabetur.
977 3252 1009 3300 lu
1020 3251 1120 3316 aliquot
1138 3265 1169 3300 ex
1187 3251 1218 3300 iis
1228 3253 1271 3317 qni
1282 3255 1346 3318 apud

255 3324 327 3386 piant
346 3337 395 3382 non
407 3323 512 3386 habere,
529 3339 587 3375 cum
605 3333 675 3376 terra
686 3327 718 3377 ab
730 3328 787 3378 hos.
824 3341 865 3375 mc
876 3335 944 3386 sunt,
953 3333 1069 3392 pmmnua,
1080 3327 1149 3392 quod
1160 3325 1292 3391 figuratius
1301 3337 1345 3381 est.

257 3397 325 3449 tibus
336 3405 471 3450 teneatur:
495 3415 566 3450 mure
578 3409 664 3450 sutem
676 3403 786 3466 pedibus
823 3405 928 3454 Pierius.

254 3473 364 3524 transite
377 3488 426 3524 nou
438 3476 555 3539 possint:
581 3467 665 3527 castra
678 3494 738 3529 vero
749 3479 787 3528 in·
851 3479 954 3542 Trnjmu]
965 3479 1308 3543 {dasspaurarrojmomm
1320 3482 1344 3534 S.

256 3549 328 3614 gredi
347 3551 521 3614 turpissimum
549 3553 600 3615 sit.v
639 3554 693 3604 Aut
715 3563 787 3605 certe
856 3559 904 3606 879
922 3559 1016 3606 Densus
1024 3557 1156 3620 prorumpit
1166 3557 1193 3605 s's
1203 3556 1284 3619 Mis]
1311 3558 1344 3607 llt

223 3694 224 3700 1
255 3625 602 3692 etiumlrncimpossllnile‚si
621 3630 787 3680 abluentibus
824 3645 867 3681 eos
880 3633 1027 3681 hortaretur
1038 3632 1166 3694 exemplo.
1199 3632 1270 3681 lders.

255 3705 417 3766 obsidentur,
427 3713 458 3754 ut
466 3705 570 3770 quidum
584 3709 682 3770 solunt,
693 3709 786 3757 intelli·
856 3711 904 3758 880
923 3709 992 3758 Fatis
1003 3707 1100 3771 inlutis]
1133 3709 1236 3758 Exitum
1254 3723 1344 3773 pnoe-

254 3787 355 3844 geutes.
388 3782 425 3831 Et
441 3783 509 3844 rapit
526 3790 680 3844 acertotam
695 3784 787 3847 aciem,
824 3785 929 3848 cupavit
938 3783 1063 3834 futurum.
1098 3784 1173 3834 Iden.

255 3860 280 3907 iu
291 3859 414 3920 umens,
431 3859 532 3910 scilicet
550 3875 631 3922 suum,
648 3875 724 3925 quum
741 3861 787 3910 du·
855 3863 903 3909 sut
916 3860 1006 3922 Magno
1015 3858 1129 3922 pondere]
1146 3859 1204 3910 noe
1212 3861 1341 3925 estmagni

255 3933 342 3994 cebst,
353 3933 455 3984 crateris
466 3934 573 3984 relictis.
607 3934 682 3984 idrus.
824 3934 963 3998 ponderis:
989 3943 1028 3996 ut,
1044 3935 1124 3984 ‘AEre
1142 3949 1206 3985 cavo
1224 3936 1341 4000 clypeum,

288 4007 710 4074 Mogssduudiisosolicepontus]
736 4009 786 4060 Pe-
822 4010 909 4074 magui
930 4016 1063 4072 gestamen
1081 4008 1211 4072 Absntis,'
1228 4025 1271 4074 pro
1288 4012 1341 4061 uris

256 4085 388 4149 ripuensis.
429 4082 461 4132 ld
480 4090 529 4144 est,
551 4083 615 4132 muri
635 4085 786 4136 claudimur.
824 4086 889 4135 cavi.
925 4084 1000 4136 Idem.

249 4159 338 4226 {odo
356 4173 414 4210 usus
431 4159 520 4220 habet,
536 4166 567 4209 ut
582 4159 622 4208 isia
640 4161 700 4210 olen
717 4161 787 4212 dica·
858 4159 1078 4222 Hirmngsnnellit
1088 4159 1340 4225 summm]

256 4250 329 4286 uus:
357 4235 424 4286 uude
444 4232 547 4300 quidam
565 4237 733 4300 unguedine
752 4241 787 4291 le·
825 4235 1264 4300 lnnousuocodtaeuetlttmeso.
1292 4234 1339 4292 Sed

57 4342 105 4377 f.
