2778 4784
237 291 326 360 8718
584 307 693 358 norm
723 307 925 359 vuaronnu
954 311 993 358 m

237 445 328 506 vatte'
350 454 454 504 Semina.
807 454 924 516 mitatur,
938 454 1015 518 juxta
1026 469 1123 505 morem
1135 453 1279 504 Romanam
1291 453 1339 516 ait,

268 529 377 582 Bellator
395 531 476 594 equas]
509 529 540 580 ln
563 545 589 582 x.
612 531 769 582 ‘Bellatoris
807 530 998 594 utdignitasin
1015 531 1078 595 regii
1096 531 1271 582 adolescentis
1287 547 1338 582 ser·

236 605 314 671 equi!
331 607 414 657 Tacit.
428 607 460 658 de
469 607 564 658 Morib.
574 609 665 660 Germ.
675 611 682 636 ⁵
693 610 769 658 illuns
807 615 883 660 vetar
892 609 1031 673 „exequiiaz
1053 608 1113 673 quia
1123 607 1191 672 apud
1211 609 1339 660 Romanos

237 681 389 733 bellatorem
409 699 512 749 equam,
537 685 609 734 illum
635 693 769 736 cruentam
808 685 874 745 quod
897 692 954 732 erat
977 684 1034 734 viro
1056 698 1214 745 concessum,
1238 693 1339 734 mortuo

235 759 423 826 victricemque
442 759 582 812 frameam!
617 763 714 812 Eodem
730 772 769 812 at·
807 761 1175 822 nonadimebator;militaris
1192 762 1339 812 autemdis·

237 835 336 886 tributo
356 851 416 886 usas
437 838 495 886 Val.
516 837 579 900 Arg.
597 849 628 886 ιι.
644 844 671 886 et
690 837 768 887 Ovio.
807 837 909 903 ciplinae
921 845 986 888 erat.
1019 838 1123 888 Seruios.

238 914 308 963 Post.
327 929 358 964 ιι.
391 915 497 965 Lucret.
520 915 553 963 de
573 915 656 980 equis,
678 915 769 964 ‘duel-
840 919 872 964 9⁰
891 915 1092 978 illachrymatus]
1110 915 1168 964 Non
1186 915 1366 978 mirnmest„

153 1039 154 1042 ,
235 989 287 1040 lica
306 991 408 1056 proles,’
430 992 490 1057 quia
506 991 652 1042 bellatores.
687 993 769 1056 Pron.
808 991 876 1056 qum
900 1005 992 1056 equum
1017 991 1081 1042 dioit
1102 991 1261 1054 lachrymam,
1282 1006 1339 1042 com

236 1081 276 1121 ιι.
288 1071 313 1118 4.
336 1067 572 1132 ‘bellio-uaequns.'
594 1067 771 1133 Graci,lmror
808 1067 938 1117 Homerus
963 1067 1042 1118 etiam
1070 1067 1227 1116 divinantem
1252 1069 1340 1116 indux-

235 1144 771 1212 natumque:coruutocmntajore,
808 1145 868 1194 erit.
903 1143 1001 1193 Plinius
1023 1145 1105 1194 solum
1127 1158 1221 1208 equom
1244 1153 1340 1208 praeter

232 1219 319 1270 imur
327 1219 480 1281 runcatoris.
515 1221 601 1272 Cerdo.
807 1219 935 1268 bominem
957 1220 1111 1282 loclryroore,
1130 1227 1157 1268 et
1178 1217 1276 1268 doloris
1299 1219 1340 1268 ad-

269 1297 361 1346 Poritir
386 1297 530 1362 iuuenibus]
562 1299 622 1348 Sine
649 1299 771 1362 phaleris.
807 1294 905 1346 fectum
920 1297 1023 1358 sentire,
1033 1295 1109 1345 dicit.
1142 1296 1217 1344 iden.

238 1373 343 1424 Servius.
843 1371 928 1423 Gottis
942 1371 1084 1435 grandibus]
1112 1373 1184 1422 liene
1202 1373 1339 1434 grutae,

233 1495 238 1514 ,
270 1449 361 1500 Posito
372 1451 515 1515 insignibar]
537 1451 770 1504 lodiciumluctus.
808 1451 911 1518 quiade
923 1466 998 1515 equo.
1033 1449 1106 1498 idem.
1202 1443 1205 1454 '

238 1525 322 1576 Tacit.
334 1525 400 1577 Ano.
412 1541 456 1577 ιιι.
466 1529 492 1578 in
504 1526 594 1578 funere
606 1528 770 1578 Germanici:
843 1525 971 1588 Gallisque
991 1525 1110 1574 lumertot
1132 1525 1270 1586 pontibus
1290 1524 1339 1590 ors]

235 1603 245 1629 “
256 1601 441 1666 praecedebant
462 1603 592 1667 incompta
613 1603 686 1666 signa
698 1603 715 1651 ι’
743 1611 771 1654 et
808 1597 850 1650 Ab
862 1601 965 1651 Lucret.
979 1601 1022 1666 qni
1033 1601 1050 1650 l.
1063 1615 1082 1650 ι.
1101 1599 1261 1674 ‘lachrymis
1273 1599 1340 1650 salsis

237 1682 337 1740 postea,
352 1678 422 1728 ‘sine
434 1677 575 1742 insignibus
588 1679 770 1744 magistratus!
808 1677 959 1728 humectant
970 1692 1014 1726 ora
1025 1675 1172 1741 genasque!
1206 1677 1260 1726 Sed
1273 1679 1340 1742 prior

238 1752 298 1802 Non
315 1753 371 1804 abit
388 1753 453 1804 illud
471 1755 529 1804 Val.
549 1755 613 1818 Arg.
632 1769 676 1804 ιιι.
695 1755 721 1804 in
742 1771 782 1806 re.
808 1755 898 1818 Eurip.
919 1755 945 1802 ia
964 1753 1037 1816 Ione,
1054 1749 1167 1816 Δσκρύοιι
1187 1753 1208 1802 θ’
1230 1751 1340 1816 ινγρένσί

238 1829 330 1878 simili:
348 1829 436 1879 ‘vadit
448 1829 550 1892 sonipes
568 1831 670 1880 cervice
684 1831 771 1878 remis·
808 1828 1049 1892 εὐγληνῆσσρηιδσ.
1083 1830 1118 1878 Et
1143 1829 1249 1890 lterum,
1274 1828 1341 1892 ὑγρὸν

239 1905 285 1964 sa,'
311 1905 338 1954 id
362 1918 412 1967 est,
433 1921 485 1954 non
508 1907 628 1969 ἐρισσχὴν,
650 1912 680 1954 nt
701 1921 770 1970 saepe
807 1903 894 1960 βάλλον
921 1902 1007 1968 δάκρυε
1042 1905 1068 1954 in
1096 1905 1191 1954 Helen.
1220 1903 1340 1968 βλέφαρον

239 1996 320 2046 equus
338 1981 434 2030 (licitur
453 1981 486 2030 ab
505 1983 629 2042 Homero,
648 1981 694 2030 sed
713 1983 771 2032 sub·
809 1979 916 2044 ὑγραίνω.
951 1983 1037 2030 certa

238 2059 329 2105 missus
341 2065 368 2106 ct
380 2057 470 2106 tristis.
503 2057 652 2107 Lir.·l.1x.
669 2057 770 2108 etiamsi
843 2058 949 2108 Ballotor
958 2056 1058 2120 eqouslt
1067 2059 1210 2122 lacrymoso,
1218 2061 1340 2122 guttisque

238 2147 289 2180 noo
302 2131 328 2185 ἰιι
339 2147 366 2181 re
383 2131 490 2195 funeris,
507 2139 580 2182 certe
598 2133 622 2182 in
643 2149 671 2184 re
689 2134 771 2196 iodiq·
809 2135 927 2184 Ιινοισσιοι
940 2135 1071 2196 grandibus
1087 2133 1140 2196 oro]
1164 2133 1235 2182 Plio.
1248 2135 1268 2183 l.
1282 2149 1339 2184 νιιι.

238 2205 356 2258 sissima:
375 2209 508 2272 ‘plerique
524 2208 647 2258 nobilium
664 2210 771 2258 annulos
808 2213 849 2258 tta
870 2225 948 2272 agens
967 2209 1000 2258 ilc
1018 2206 1099 2274 equis,
1115 2207 1217 2272 iuquit:
1238 2211 1339 2259 ‘iidem

238 2299 338 2348 aureos,
349 2291 377 2333 et
388 2285 507 2348 phaleras
519 2282 697 2348 decurrerent!
720 2285 771 2335 Sed
809 2285 967 2349 praesagiunt
990 2299 1110 2349 prrgnam,
1130 2291 1158 2333 et
1178 2284 1286 2334 amissos
1306 2287 1339 2334 lo·

238 2362 341 2426 explico
353 2361 486 2426 Virgilium
499 2361 592 2410 aliter:
609 2362 704 2424 allusit,
716 2377 771 2412 cre·
808 2367 870 2424 gent
883 2360 1008 2422 dominos,
1023 2361 1199 2426 lacrymasque
1211 2360 1339 2412 interdum

237 2437 280 2500 do,
298 2437 331 2488 ad
348 2453 444 2490 rnorem
461 2441 590 2488 seruatam
602 2440 628 2490 itt
638 2438 771 2488 funeribus
809 2435 936 2485 desiderio
955 2435 1083 2498 fundunt,'
1103 2442 1130 2485 rt
1151 2452 1209 2500 quse
1230 2451 1339 2501 sequnn-

237 2530 287 2583 quo
302 2531 354 2565 non
371 2517 452 2566 solum
468 2515 517 2565 riri
535 2515 717 2576 tondebantur,
728 2530 771 2564 eo·
810 2517 859 2560 tur.
894 2513 987 2562 isidor.
1000 2527 1050 2562 ιιι.
1064 2518 1086 2562 l.
1120 2511 1198 2576 Equi,
1215 2513 1337 2562 ‘morien-

232 2591 275 2654 jus
288 2591 325 2640 rei
337 2607 430 2654 magno
446 2599 486 2642 est
504 2592 600 2640 mentio
618 2593 642 2638 in
660 2592 770 2641 arrctori-
808 2587 877 2638 tibus
889 2589 1010 2653 dominis,
1026 2589 1101 2640 mttlti
1117 2589 1245 2652 lacrymas
1262 2587 1338 2640 effan-

238 2665 533 2730 bos;ae‹leliamequi.
559 2664 769 2732 ProieroEorip.
807 2665 891 2714 dunt!
925 2665 1052 2716 Homerus
1070 2665 1102 2714 ll.
1114 2671 1139 2714 Ρ.
1156 2663 1252 2716 tientes
1268 2665 1337 2714 indo-
1387 2703 1388 2720 2

237 2741 374 2790 inillcest.
393 2741 437 2788 nbi
454 2740 581 2790 Admetus
600 2751 705 2803 proptor
723 2759 768 2792 ux-
807 2742 936 2806 citequos
952 2741 1068 2792 Achillis.
1086 2745 1191 2792 vulis.
1210 2739 1338 2808 δάφηδᾶ
1387 2765 1388 2768 “

235 2815 285 2864 οιίι
305 2811 413 2877 obitum,
434 2815 471 2864 ita
490 2815 626 2880 praecinit:
648 2817 723 2864 Πᾶσιν
742 2817 768 2868 bi
806 2827 864 2880 σφιν
873 2817 1023 2882 &fabroro
1039 2817 1165 2882 βλεφάρων
1183 2817 1286 2881 χαμάδις
1301 2817 1335 2881 ῥέε

237 2885 404 2954 cinamomo,
422 2889 608 2958 ὂνῶγὸκροτό,
627 2889 711 2942 Πένθος
726 2911 768 2956 χο-
805 2893 973 2957 μυρομινοιοιν.
1014 2897 1049 2944 Et
1071 2896 1181 2946 Calaber
1201 2895 1220 2946 Ι.
1240 2909 1284 2946 ιιι.
1304 2895 1336 2944 ol

237 2969 314 3019 νιιοιδι
336 2971 409 3028 τῆσδε
436 2971 567 3020 κοινοΐσθσι
593 2967 668 3032 λέγω,
691 2973 768 3036 Κουρᾷ
806 2969 831 3020 ii
842 2970 886 3032 μὲν
897 2970 1009 3034 ἄμβροτοι
1023 2969 1091 3020 inor
1101 2967 1216 3033 ἀτάρβιοι
1229 2969 1335 3020 Αἰακίδαο

235 3047 336 3109 (omri,
348 3046 386 3094 troi
400 3043 563 3108 μιλιιμπὸιιλφ
571 3049 656 3111 στολῇ·
673 3046 768 3108 Τέθριπ-
807 3047 1029 3110 Μίμνονὶιδῶιρινιοι
1041 3047 1103 3111 παρὰ
1114 3047 1204 3106 νήισοι.
1229 3049 1335 3100 Caesarlt

235 3119 267 3172 ml
277 3141 304 3172 τι
315 3121 441 3184 ζεύγνυσθε
452 3123 491 3172 καὶ
501 3121 652 3185 noviomor
664 3125 768 3188 ιιόλσνς,
806 3127 866 3190 equi
878 3126 946 3190 apud
966 3127 1072 3177 Sueton.
1089 3127 1115 3175 in
1133 3127 1187 3178 Jul.
1205 3143 1230 3178 c.
1242 3132 1284 3178 81.
1301 3127 1334 3176 di·

235 3198 321 3262 σιιήρῳ
342 3197 433 3260 τέμνετ’
453 3199 558 3260 αὐχένων
579 3199 665 3264 φόβην.
707 3203 768 3252 Cer·
806 3210 900 3253 cuntur
926 3205 1004 3253 etiarn
1030 3203 1237 3266 pertinacissime
1259 3203 1334 3266 paba-

235 3281 290 3324 tuni
302 3281 343 3324 cst
353 3281 446 3338 autem,
456 3275 546 3338 jubam
559 3293 614 3326 esse
627 3279 767 3328 maximum
806 3281 830 3328 lo
853 3279 1016 3342 abstinuisse,
1042 3279 1204 3343 ubertimque
1228 3278 1333 3328 flevisse

47 3362 55 3372 ²
81 3351 104 3414 ’,
145 3413 146 3416 ¹
234 3363 358 3416 equorum
370 3351 475 3416 insigne.
502 3353 558 3402 Hoc
572 3369 632 3412 erqo
646 3355 768 3418 positum,
807 3355 905 3404 Noster
915 3369 993 3418 sopra
1004 3355 1030 3404 io
1041 3354 1092 3404 linc
1109 3354 1127 3403 l.
1140 3368 1167 3404 x.
1185 3363 1333 3405 moerenteot

235 3433 263 3478 el
282 3427 644 3492 praclsrunequoPallontis.
679 3433 766 3482 Cerdo.
806 3429 903 3479 inducit
917 3431 1042 3480 Mezentii
1053 3445 1163 3495 equum:
1183 3437 1212 3480 et
1223 3430 1332 3495 oopus.
1386 3423 1387 3446 ³

269 3503 360 3552 Positis
386 3505 534 3568 insignibus]
567 3505 626 3554 Siue
645 3508 766 3570 plraleris.
806 3507 934 3569 Cym-t·
953 3512 1009 3556 22⁵.
1028 3507 1073 3556 ital
1091 3505 1215 3568 rotimum
1234 3507 1332 3556 mim

133 3613 138 3616 =-
233 3579 309 3640 Sunt,
338 3579 380 3644 qui
403 3589 503 3644 putent,
525 3583 591 3632 bunc
614 3598 707 3648 equum
730 3583 767 3634 ita
804 3581 868 3642 μέγα
888 3581 1045 3644 στενάχουσιν
1066 3585 1165 3646 troipas.
1208 3583 1333 3634 Mirabills

141 3687 144 3704 .-
234 3655 350 3718 doctum,
366 3665 396 3708 ut
414 3672 471 3706 cnm
489 3657 617 3708 cadauere
636 3659 767 3708 combure·
805 3673 867 3708 vero
878 3657 911 3706 de
923 3660 996 3723 equis
1013 3657 1072 3708 ride
1090 3659 1158 3720 apud
1176 3657 1249 3722 lips.
1261 3659 1331 3708 Ceut.

234 3742 315 3796 retur,
328 3749 398 3783 more
412 3743 470 3783 tuuc
483 3735 588 3796 usitato,
605 3751 656 3799 quo
667 3735 767 3785 carissi·
805 3737 829 3782 8.
843 3731 875 3782 ati
890 3735 962 3798 belg.
975 3749 1017 3798 ep.
1031 3738 1082 3782 δῦ..
1107 3733 1253 3785 Emeum.

234 3824 277 3860 ma
293 3825 403 3874 quaque
422 3823 471 3859 una
489 3811 680 3859 cremabantur.
714 3811 766 3860 Alii
837 3815 867 3860 lll
887 3811 1002 3876 Hastam]
1017 3809 1043 3860 J.
1063 3809 1191 3860 llloursius
1209 3810 1237 3859 in
1256 3812 1330 3874 Lyco

234 3886 267 3936 ad
285 3901 386 3951 pompm
404 3873 504 3936 tantum
523 3895 641 3934 ornatam
659 3893 766 3936 cerrseut
805 3885 895 3951 pbron.
909 3895 990 3950 notat,
1006 3887 1049 3952 qni
1067 3888 1180 3936 violenta
1196 3895 1281 3938 morte
1295 3901 1330 3938 oc·

232 3961 398 4024 productum.
435 3963 579 4014 Toabmomr.
804 3963 938 4026 cidisseot,
957 3978 1015 4012 cum
1027 3963 1058 4014 iis
1069 3965 1167 4012 hastam
1187 3962 1273 4014 efferri
1284 3977 1330 4012 mo·

265 4038 368 4102 AEtlrou]
396 4039 500 4091 Nomen
521 4039 591 4103 equi,
614 4053 665 4104 quo
689 4038 766 4088 etiam
804 4039 838 4087 ris
855 4035 941 4090 irrisae.
976 4041 1011 4089 Et
1028 4041 1076 4090 lrac
1094 4056 1109 4090 a
1129 4041 1215 4090 l’o'e'ta
1236 4053 1329 4106 respec-

231 4107 339 4164 Aurorae
351 4129 431 4185 equus
444 4123 558 4164 vocatur.
591 4115 766 4168 Quodantem
805 4123 868 4166 tum.
905 4115 1049 4166 ramnum

229 4198 311 4252 equus
324 4189 433 4238 bellator
442 4187 592 4255 ducitur,et
605 4191 716 4256 ptialmr
725 4205 766 4242 co-
836 4191 901 4240 Nora
920 4193 1007 4239 celero
1035 4189 1126 4242 illrum
1151 4189 1234 4244 tactor
1253 4187 1326 4249 talo]
