2778 4784
383 392 529 446 vinem.
574 391 715 447 auarus
747 397 786 447 x.
1054 383 1141 451 aaut

82 543 125 590 stt
139 535 246 605 ncepta]
263 539 471 590 Vetustissimum
481 541 571 590 estad·
609 541 678 606 quod
690 541 734 590 ille
750 539 781 590 als
792 541 853 603 κῦμα
869 539 1001 605 θαλάσσης,
1013 543 1056 594 blc
1073 547 1143 596 ‘saa-

54 615 107 680 ripio
120 618 237 666 snubere.
269 617 379 679 Sed‚uti
396 617 515 681 superius
532 615 571 665 di·
607 615 698 680 visque
711 616 784 666 radis
801 617 934 666 immittite
951 619 1056 682 syrtes!
1088 620 1142 670 Sed

55 699 124 754 ctum,
136 692 364 756 primnmmnuium
375 692 498 742 Lucullus
515 707 528 740 e
544 693 571 740 lu
607 705 666 740 curn
684 693 754 742 dicat
770 693 960 757 ‘miserescite,
978 695 1069 757 venti,'
1090 697 1142 748 hue

56 767 96 816 boc
120 769 194 818 verbo
221 769 371 832 geminavit,
398 775 467 818 teste
493 769 570 818 Velio
607 769 723 831 pertinet
743 770 807 832 illud
836 771 933 821 veteris
956 773 1048 822 Poeta
1071 775 1141 838 apud

25 905 27 908 Ι
55 843 139 906 mogo.
171 845 274 894 Pierisr.
607 843 717 894 'lbrllium
728 847 832 896 'l'uscul
845 849 1142 913 v.‘Te,1lpollosauc·

83 919 137 974 Qua
148 921 200 981 jan
211 921 272 969 autu
287 921 337 969 iasa
359 919 465 969 debirent
483 919 571 984 Terra]
608 925 645 980 te,
654 919 694 969 ier
705 935 791 984 opem,
801 929 889 986 teque,
898 925 1061 988 omnipotens
1070 929 1145 992 Nep·

55 995 81 1044 lu
102 997 209 1045 Romano
236 996 328 1046 codice
354 996 457 1045 dehiscet
482 992 571 1044 tuturo
608 1001 681 1057 tune,
706 997 808 1058 invoco,
834 1013 931 1064 vosque
954 1001 1030 1064 adeo,
1052 1003 1143 1054 venti!

54 1079 157 1135 tempore
168 1073 271 1136 legitur.
298 1072 350 1121 Sed
361 1073 466 1121 delismt
477 1070 570 1136 figura·
607 1071 674 1122 Tale
693 1079 721 1123 et
740 1075 802 1124 illud
820 1075 921 1126 AEneid.
934 1091 960 1126 v.
979 1079 1143 1145 ‘ventosque

53 1148 288 1212 riuseteiegautius.
324 1149 398 1196 Ideni.
608 1148 847 1200 invotavucavit.'-
874 1154 959 1203 Cerdo.

81 1223 127 1272 lero
136 1223 216 1288 Tmo]
225 1222 572 1273 Delatsibietisminl'oelici-
640 1230 688 1274 ert
708 1227 800 1276 Turres
810 1229 893 1292 odoro]
911 1229 942 1278 ld
955 1237 1005 1294 ast,
1012 1232 1143 1297 juxtave*

54 1301 265 1350 umrotreublata:
276 1299 572 1350 uamlnrnarieuustilu·
609 1307 688 1362 teres,
701 1302 744 1365 qui
762 1305 861 1352 odorare
880 1303 985 1371 adloqui
1004 1308 1143 1370 dicebaut3

54 1377 386 1442 tusoptasesibiblatnmuou
394 1383 571 1441 potestterraa.
608 1389 667 1424 uam
686 1375 747 1426 ideo
759 1383 786 1427 et
796 1379 879 1429 odorio
892 1381 947 1429 laus
958 1382 1062 1446 bellica,
1073 1383 1143 1449 quod

53 1453 117 1502 lm
134 1461 220 1503 autem
235 1458 327 1502 terram
341 1453 485 1516 prudenter
495 1454 571 1516 dixit,
608 1465 696 1500 omnes
714 1467 773 1502 euru
785 1456 1009 1520 congratulatione
1021 1459 1144 1524 adloque-

53 1543 100 1591 ιιι
111 1529 215 1579 sustinet
226 1537 255 1579 et
266 1531 485 1579 coutluetmaria.
502 1529 570 1580 Sero.
608 1525 703 1576 bantur
719 1541 788 1590 eum,
804 1531 848 1595 qui
860 1531 886 1579 ln
898 1530 967 1581 bello
985 1531 1089 1584 fortiter
1106 1534 1144 1585 fe·

79 1605 187 1666 Quoejun
198 1600 432 1654 amimuelim
444 1605 572 1654 Terrueri-
608 1602 652 1651 cit.
687 1602 739 1652 Alii
756 1607 890 1670 odompro
908 1611 1144 1671 orautodeacet,

52 1681 440 1744 lilllolentissiusaimprecatiu.
469 1681 572 1731 llector
607 1679 1010 1734 etsitmatricaussaaddituru.
1037 1685 1144 1740 Sareisa.

52 1755 83 1802 ita
91 1756 173 1806 Paridi
185 1756 262 1806 Iliad.
276 1769 316 1804 vt.
327 1757 358 1804 br
368 1754 410 1804 κέν
419 1755 442 1804 al
452 1752 503 1804 adda
513 1758 571 1818 pala
640 1757 732 1822 Adoro]
743 1759 806 1808 Dixi
819 1775 898 1824 supra
906 1763 1005 1812 odorare
1016 1777 1073 1813 esse
1086 1779 1145 1828 pro-

52 1831 117 1891 xim.
148 1831 294 1883 Diomedes
305 1833 354 1882 sibi
366 1833 382 1882 l.
394 1847 457 1882 extr.
467 1831 524 1882 rire
531 1853 571 1894 μοι
609 1833 665 1897 pria
692 1835 852 1898 contingere.
905 1837 1027 1894 Fortasse
1052 1839 1144 1888 melior

30 1908 109 1966 'xlm
128 1911 200 1971 εὐρεῖα
219 1909 295 1971 xus.
341 1909 399 1959 Nee
420 1909 503 1960 selum
522 1913 571 1960 boc
608 1909 752 1974 mensalia,
765 1917 794 1959 ut
812 1911 911 1960 durare
931 1911 965 1960 alt
985 1927 1088 1962 suenum
1109 1913 1143 1963 ad

53 1983 118 2033 serbo
139 1992 267 2048 auctores,
293 1984 339 2034 sed
362 1984 433 2034 aliis:
463 1993 493 2035 ut
512 2001 571 2036 cum
608 1998 637 2032 os
655 1985 804 2046 admovere,
823 2000 932 2050 eamque
950 1987 1079 2038 osculari:
1105 1989 1144 2038 lta

52 2057 164 2110 Adrastus
175 2061 244 2124 apud
256 2060 349 2122 Eurip.
360 2060 452 2124 Suppl.
470 2059 572 2122 maipa
608 2060 677 2109 euim
696 2061 785 2112 cultus
809 2061 989 2112 exhibebatur.
1032 2065 1144 2115 Ducunt

52 2133 228 2197 albamarlam.
256 2135 350 2186 calab.
363 2134 379 2183 l.
392 2148 411 2182 ι.
424 2149 471 2198 per
482 2135 570 2186 ariter
608 2149 650 2184 me
670 2135 696 2184 ln
708 2137 774 2186 banc
785 2143 900 2187 mentem
912 2137 1013 2188 Plinius
1032 2147 1059 2189 et
1070 2138 1143 2205 Apu·

52 2213 138 2273 lisina
151 2213 214 2276 χυτὴ
229 2211 364 2273 sarasan
373 2211 484 2262 marita.
518 2213 572 2262 Xe·
608 2213 682 2262 lalus.
717 2215 795 2264 Prior
806 2215 859 2264 ait:
877 2214 1069 2265 ‘inadoraudu
1080 2217 1143 2267 dex·

54 2291 117 2351 nopb.
132 2292 148 2339 l.
160 2305 209 2339 vu.
232 2291 268 2340 da
290 2287 407 2352 expedit
425 2289 488 2352 cyri
503 2304 571 2338 com·
608 2289 1021 2340 teramsuoscutumreierimus!
1039 2293 1143 2343 Foster.

53 2366 151 2416 uaniora
165 2366 261 2416 verbo:
287 2365 386 2426 rixones
403 2363 484 2428 papias
501 2363 572 2427 lai-ps
610 2362 721 2429 Apolog.
740 2379 759 2414 1.
777 2365 871 2415 ‘Nulli
891 2367 951 2416 Deo
971 2366 1004 2415 ad
1025 2368 1073 2418 buc
1093 2369 1143 2419 aevl

53 2441 102 2489 real
120 2445 161 2500 τῆς
175 2445 222 2504 γῆς
242 2441 340 2505 imeras
352 2439 475 2502 ’γενέσθω
509 2441 572 2494 in-
609 2439 776 2503 supplicavit,
806 2443 905 2491 nullum
937 2445 1064 2507 templum
1093 2445 1144 2496 sre-

53 2515 101 2566 dan
116 2519 181 2582 apud
198 2520 268 2568 stat.
283 2516 366 2566 Theb.
378 2529 404 2565 v.
422 2521 572 2581 ‘quemme
610 2515 763 2578 quentarit;
784 2517 805 2566 ai
818 2516 905 2566 lanum
917 2517 1022 2581 aliquod
1035 2529 1144 2583 preater·

54 2593 111 2653 prius
121 2591 340 2644 imssubumbras
349 2591 574 2656 Mergatbumus.'
610 2596 664 2650 est,
703 2589 775 2639 nesae
797 2591 876 2640 babet
905 2593 1030 2643 adorandi
1058 2597 1145 2658 gratis

54 2669 125 2720 Cerdo,
609 2664 970 2718 mauumlabrisudmovere!
1004 2669 1144 2735 Hincjam

78 2749 120 2798 m
138 2749 182 2799 y„
198 2765 212 2798 ο
227 2745 322 2813 μὴ]
355 2745 387 2795 112
401 2745 525 2796 mediceo
536 2747 573 2796 ις.
609 2740 659 2791 viri
677 2742 772 2791 eruditi
783 2743 933 2806 explicuere
946 2745 1031 2795 locum
1042 2747 1100 2796 lobi
1119 2763 1144 2798 c.

55 2835 104 2882 gere
114 2831 152 2874 est
163 2827 252 2875 ‘terra
262 2821 327 2872 mihi
339 2836 355 2870 o
366 2836 422 2884 vos,
433 2836 448 2870 o
461 2821 547 2884 potius
555 2821 573 2870 :'
610 2823 650 2868 ³1.
660 2836 662 2842 ·
672 2825 700 2867 et
711 2818 789 2866 alium
808 2821 825 2867 8
842 2819 907 2882 Reg.
927 2836 951 2870 c.
969 2825 1009 2871 lil.
1030 2827 1058 2872 et
1077 2837 1144 2875 unius

55 2897 161 2950 adverbio
205 2897 406 2950 exclamationis
450 2897 572 2960 repetito.
610 2893 727 2943 Pitbrens
739 2892 823 2942 locum
834 2893 988 2959 Salomonis,
1000 2897 1044 2961 qui
1056 2897 1089 2947 de
1102 2913 1144 2949 ae·

55 2973 141 3026 Pom
458 2987 460 2992 ¹
610 2969 724 3033 cipieata
746 2968 936 3033 eleemosynam
958 2971 1004 3032 ait,
1025 2975 1146 3024 oculatur

80 3051 315 3117 Miserandam]
327 3050 574 3114 Prupetentlsqua.
610 3061 693 3095 mnas
711 3045 784 3093 αὑτοῦ
799 3059 863 3106 saus,
883 3059 935 3095 nou
952 3047 1039 3095 edroi:
1066 3062 1143 3111 quam

54 3123 128 3178 litate:
140 3141 325 3193 nonuunquam
336 3127 415 3175 etiam
422 3141 491 3175 murs
501 3125 573 3175 vide-
610 3123 748 3172 lectionem
759 3121 1029 3184 interpres-reddidit:
1055 3125 1144 3173 omio-

55 3206 89 3249 tur
98 3217 151 3254 esse
159 3204 306 3264 miseratio,
318 3209 346 3251 ut
357 3202 406 3252 boc
418 3202 483 3252 loco.
504 3202 573 3251 Item
610 3204 651 3249 tur
659 3213 743 3248 marnas
752 3199 840 3260 dusiis,
855 3197 917 3262 quia
928 3197 984 3262 ipae
995 3197 1061 3263 legit
1072 3195 1145 3248 alfred

56 3287 128 3340 lupus,
143 3281 250 3345 ‘Figite
260 3293 314 3340 me,
322 3277 343 3327 el
355 3292 407 3342 qua
417 3283 458 3326 est
470 3276 573 3340 platus.¹
611 3290 669 3326 cum
681 3274 810 3338 potuisset
820 3289 882 3334 rans,
902 3274 963 3337 quia
982 3275 1033 3338 legi
1054 3281 1145 3339 postet

56 3351 186 3404 liirrreariie
210 3362 300 3405 autem
327 3353 385 3416 qius
404 3357 466 3401 aute
487 3353 573 3401 bunc?
611 3352 690 3414 ιὺιοῦ,
712 3353 790 3414 juxta
811 3365 918 3411 morem,
944 3365 1020 3414 quem
1043 3353 1143 3415 aperui.

56 3425 82 3474 ub
90 3441 126 3491 eo,
137 3431 204 3495 quod
214 3437 258 3480 est
269 3429 393 3478 miserm
404 3433 432 3476 et
447 3420 575 3476 mnodo-
610 3429 646 3478 Et
657 3427 761 3492 quidem
773 3427 844 3475 lucus
856 3425 913 3474 lobi
925 3433 1016 3490 aperte
1034 3441 1081 3490 pro
1099 3428 1144 3478 Pi-

56 3517 103 3552 ω.
135 3507 246 3557 Servius.
611 3503 689 3552 tboeo.
730 3503 771 3550 Ex
787 3500 827 3548 bis
847 3501 879 3548 de
898 3500 1051 3551 adoratione
1068 3503 1145 3566 capia

83 3579 319 3646 uterexwean]
345 3580 411 3629 Vult
422 3579 455 3629 ab
465 3579 505 3628 bis
516 3579 574 3643 rapi
611 3577 717 3628 Minntii
736 3578 820 3626 locum
839 3577 923 3626 bunc:
948 3579 1097 3644 ‘Caecilins,
1110 3579 1144 3629 ei·

57 3652 77 3702 iu
87 3669 150 3720 ιιιι,
168 3660 194 3708 iu
213 3671 306 3722 rupes,
316 3663 345 3708 et
356 3655 438 3720 mergi
449 3653 574 3718 syrtibus,
610 3653 725 3702 mulacrc
741 3651 874 3715 Serapidis
894 3653 1028 3716 denotato,
1041 3661 1070 3704 ut
1089 3655 1145 3704 vul·

57 3732 96 3778 dc.
119 3733 209 3799 ltaque
221 3733 335 3784 tortam
347 3732 471 3780 lustratus
482 3729 573 3780 Poeta
612 3747 660 3796 gns
677 3729 872 3794 superstitiosus
889 3731 965 3791 solet,
983 3743 1085 3779 uranum
1104 3729 1146 3780 orl

57 3804 201 3860 bonallam.
215 3807 574 3870 lliad.vr.ubiltacomplo·
611 3807 761 3867 admovens,
783 3806 899 3856 osculum
926 3805 1001 3855 labiis
1029 3801 1145 3868 pressit?

58 3881 159 3935 τιδιιιι
170 3887 298 3937 llacuba:
318 3882 365 3935 'nr
381 3885 405 3946 μ’
424 3883 574 3948 ὕφικῆμιτι
610 3885 756 3945 Admoueu,
768 3883 812 3948 qui
830 3881 893 3932 velit
911 3883 937 3930 iu
956 3881 1027 3944 virg.
1047 3891 1144 3942 cupere

57 3959 128 4018 rtis·
143 3981 173 4021 ps
185 3965 279 4026 epiros
294 3961 350 4012 rixa
365 3959 444 4025 μάτηρ
459 3961 574 4022 uixero
611 3961 777 4026 perverbum
788 3961 868 4019 adora,
877 3958 976 4023 loquor,
984 3962 1030 4004 aut
1039 3967 1144 4017 precor,

58 4034 188 4101 'attimaro
195 4039 258 4097 anub
268 4035 360 4099 blm
371 4036 461 4086 θύελλα
468 4035 506 4086 llis
514 4036 575 4100 ipos,
611 4045 706 4101 pusse3
719 4042 748 4084 nt
758 4035 845 4084 dicat:
857 4035 961 4096 Loquor
972 4030 1005 4079 ad
1016 4043 1072 4092 vox,
1085 4043 1144 4094 pre-

58 4107 574 4179 lbummsonnmorotamssm-
611 4126 717 4178 corque,
738 4127 755 4160 o
776 4110 857 4171 venti,
884 4107 953 4156 ferra
975 4112 1069 4170 ratam,
1092 4110 1143 4158 lec.

60 4187 115 4246 ’ψ
125 4190 175 4251 κῦμ’
184 4189 293 4256 lalana
316 4192 410 4257 ltaque
421 4191 491 4257 quod
500 4191 574 4240 Gim-
611 4190 721 4239 Festus:
739 4189 748 4216 ‘
759 4186 868 4236 adorare
880 4181 949 4246 apud
961 4181 1082 4247 authuos
1093 4183 1153 4248 aig·-

60 4263 574 4334 tuotpatatinssamnnpm
611 4263 733 4316 ulficabat
749 4275 837 4328 agere,
852 4257 921 4311 unde
937 4257 1074 4310 onena:
1106 4259 1147 4312 0«
